2964 4814
761 261 801 325 aa

111 433 115 441 '
195 441 382 505 Graecorum
405 441 517 518 poetas
539 438 583 501 ita
602 439 687 519 apud
709 440 795 520 ipsos
812 439 998 520 Aeschylum
1020 444 1053 503 et
1070 438 1265 520 Sophoclem.
1299 440 1363 505 Ex-

142 588 147 619 f
194 547 392 628 plicationem
414 544 506 609 huius
534 545 579 609 rei
610 563 679 609 earn
702 544 791 609 dedit
810 545 1036 610 Kummererus
1056 544 1195 629 quidem,
1225 553 1261 610 ut
1283 547 1363 611 mul·

138 646 145 701 Ῐ
197 660 229 716 ta
253 654 319 716 eius
341 652 420 716 modi
441 652 576 732 pluralia
598 669 655 732 per
677 652 854 731 analogiam
876 652 1043 732 pluralium
1072 653 1215 716 neutrius
1237 654 1362 732 generis

129 806 135 833 5
195 759 418 823 adiectivorum
449 758 495 822 vel
518 759 751 839 participiorum
785 758 924 824 adhibita
960 777 1029 822 esse
1058 765 1200 822 censeret
1227 759 1362 841 dieens¹)

127 852 132 916 Ῐ
194 867 234 931 So
256 866 431 932 coaeterua
453 865 557 946 δῶμα,
579 863 680 945 δόμος
699 865 757 930 der
780 864 952 946 Abtetrunp
974 864 1055 929 rruclr
1079 866 1156 946 (oon
1178 864 1282 946 δέμω)
1303 888 1362 931 au·

194 973 307 1038 udohst
330 974 390 1038 dus
413 972 580 1051 chdude3
602 973 661 1036 wie
682 992 740 1036 oon
765 974 865 1036 ciuem
888 971 1038 1037 Gcbdudc
1061 973 1104 1034 roi
1128 971 1362 1054 ᾠκοδομημένα

194 1080 302 1146 steiaeu
339 1080 469 1158 donate,
513 1099 547 1143 so
578 1078 666 1143 doun
706 1079 763 1144 dar
793 1078 928 1143 Dichter
958 1080 1020 1144 deu
1054 1079 1172 1144 Plorat
1209 1076 1360 1160 δώματα,

195 1187 291 1269 δόμοι
310 1185 523 1269 petraeum,
548 1185 627 1250 ohne
647 1186 725 1251 duas
750 1187 802 1250 dic
820 1185 1007 1268 Beaieiouup
1036 1187 1094 1264 auf
1124 1186 1176 1251 die
1198 1186 1284 1252 Tolle
1305 1187 1361 1252 des

195 1295 325 1358 Huuses
361 1292 543 1357 bernerldror
570 1299 663 1358 wdrc.
714 1292 757 1358 So
780 1294 889 1368 dudem
913 1293 981 1358 ihre
1010 1293 1199 1375 Erulorum
1226 1291 1360 1374 ἅρματα

192 1400 250 1483 (=
260 1400 303 1462 οοὲ
318 1399 531 1486 ἡρμοσμένα),
554 1398 717 1481 ζεύγματα
736 1426 769 1452 τε
787 1401 831 1461 τοὶ
842 1399 1023 1480 ἐζευγμένα,
1046 1398 1186 1481 θύματα
1200 1434 1239 1462 =
1254 1399 1299 1462 τοὶ
1308 1423 1359 1462 τε·

192 1512 325 1589 cuprea
353 1507 420 1571 oud
448 1507 576 1570 cudere.
618 1506 704 1582 Quae
732 1505 811 1570 falsa
841 1525 908 1570 esse
939 1505 1086 1571 arbitror.
1129 1505 1243 1571 Nonne
1277 1508 1358 1571 enirn

192 1614 358 1695 oportebat
379 1614 422 1674 τδ
445 1611 680 1696 ᾠκοδομημένοι
708 1612 885 1695 similiaque
907 1613 1074 1694 participia
1093 1611 1269 1694 frequentia
1289 1631 1357 1678 esse

192 1721 222 1784 in
246 1739 301 1784 usu
324 1720 448 1799 linguae
469 1724 573 1797 antea,
595 1737 688 1801 quarn
711 1738 749 1782 ex
771 1738 877 1783 eorum
900 1719 1046 1798 analogia
1064 1719 1195 1799 pluralis
1218 1718 1358 1800 δώματα

191 1846 247 1908 pro
271 1827 366 1907 δῶμα
387 1826 579 1906 poneretur?
617 1825 697 1889 Nam
720 1826 773 1906 qui
795 1824 888 1889 huius
911 1825 1043 1889 nominis
1061 1825 1193 1906 pluralis
1215 1827 1255 1890 ad
1278 1827 1355 1892 illud

192 1935 280 2015 quasi
294 1934 428 1997 transire
444 1933 620 2012 potuisset?
650 1932 813 2013 Nusquam
825 1939 929 1997 autem
944 1950 1042 2012 neque
1065 1934 1108 1995 rol
1121 1933 1356 2017 ᾠκοδομημένα

191 2059 293 2121 nequa
309 2040 409 2104 simile
428 2041 554 2120 apoetis
571 2046 627 2104 aut
638 2045 711 2102 ante
729 2044 863 2102 aetatem
874 2038 1356 2121 AeschyleamSophocleamqne

190 2153 246 2211 aut
276 2151 387 2228 postea
415 2147 566 2228 scriptum
596 2128 662 2210 esse
692 2146 874 2209 invenimus.
917 2145 1001 2224 Ergo
1034 2147 1064 2208 in
1088 2146 1284 2210 Kummereri
1303 2165 1356 2211 ex·

190 2254 355 2336 plicatione
384 2272 446 2317 non
475 2252 607 2334 amplius
628 2253 868 2317 demorabimur.
912 2251 1021 2333 Neque
1051 2259 1154 2316 tamen
1179 2253 1218 2317 de
1239 2253 1353 2334 plurali

190 2362 388 2452 intensivoll,
419 2377 509 2439 quem
540 2359 664 2438 dixeris,
692 2377 762 2422 mea
791 2359 934 2438 opinione
964 2359 1095 2438 cogitari
1117 2366 1230 2440 potest.
1273 2359 1353 2424 Nam

190 2467 286 2550 δόμοι
303 2468 453 2531 velruiw
473 2466 597 2547 proprie
619 2483 690 2528 non
715 2470 764 2528 est
794 2466 936 2543 ingens
961 2465 1097 2529 domus
1128 2466 1175 2529 vel
1206 2467 1352 2548 ingens

190 2582 363 2655 tergum,
385 2590 576 2655 quamquam
600 2571 755 2635 interdum
771 2571 883 2635 accidit
906 2577 938 2635 ut
955 2573 1050 2636 etiarn
1068 2573 1106 2637 de
1121 2573 1240 2654 ingenti
1260 2575 1353 2639 domo

190 2683 239 2748 vel
282 2682 320 2746 de
363 2680 483 2760 ingenti
524 2686 613 2758 tergo
650 2678 732 2741 dicta
765 2679 838 2743 sint.
895 2678 942 2741 Ea
975 2679 1079 2759 potius
1115 2680 1258 2762 equidem
1302 2681 1352 2745 via

187 2789 330 2855 incedere
359 2787 439 2867 volo,
482 2791 522 2850 ut
555 2784 724 2865 plurima
752 2785 839 2848 eius
876 2785 982 2849 modi
1012 2785 1184 2866 pluralia
1213 2805 1258 2850 ex
1289 2788 1351 2869 ip·

187 2898 241 2961 sis
260 2894 468 2977 primariis
487 2910 621 2956 vocum
644 2891 883 2955 notionibus
907 2891 1116 2973 deducam,
1145 2899 1284 2957 cetera
1307 2914 1351 2958 ex

187 3004 329 3067 horum
372 2998 565 3077 analogia
602 2998 742 3078 posita
779 3016 864 3061 esse
910 3004 1099 3062 statuam.
1154 3000 1217 3064 Sed
1251 3001 1351 3064 multa

186 3129 293 3174 eorum
323 3105 473 3186 singulari
502 3121 625 3186 quoque
655 3123 784 3168 numero
813 3104 972 3185 leguntur,
999 3105 1061 3168 alia
1089 3124 1189 3186 pauca
1212 3107 1256 3170 ita
1278 3113 1353 3172 sant

185 3216 319 3298 pluralia
342 3219 472 3293 tantum,
501 3217 537 3274 ut
560 3211 669 3275 eadem
691 3210 720 3273 vi
743 3215 873 3274 utantur
896 3229 957 3291 qua
979 3212 1155 3292 singularis.
1205 3212 1350 3294 Singulas

185 3331 288 3388 autem
312 3320 473 3384 verborum
496 3317 748 3398 significationes
777 3318 802 3381 si
827 3318 1036 3382 necessarium
1060 3318 1132 3399 erit,
1166 3319 1198 3383 in
1221 3320 1350 3400 singulis

185 3429 361 3495 tractandis
383 3426 532 3506 exemplis
555 3424 690 3488 afferam.

255 3631 280 3697 1)
296 3629 376 3683 v.l.c.
395 3628 422 3682 II
438 3645 462 3696 p.
474 3629 548 3681 la-
567 3627 624 3696 2lci
640 3625 781 3680 Kuehueri
800 3643 887 3695 gram.
906 3625 1001 3680 Graec.
1022 3625 1085 3694 Hp.
1103 3626 1143 3690 17,
1163 3624 1211 3687 ubi
1229 3624 1349 3696 legitur:

186 3714 236 3769 Die
245 3713 359 3768 Dichter
378 3713 552 3782 gebrauchen
572 3713 626 3766 den
643 3709 738 3764 Plural
754 3711 803 3774 oft,
822 3728 867 3762 um
883 3711 935 3764 den
950 3710 1144 3778 Ausdrueklzu
1162 3709 1350 3779 amplificiren;

184 3816 213 3854 so
230 3798 337 3852 Nomen
357 3814 410 3851 von
428 3797 622 3868 Werkzeugen
638 3796 676 3848 im
696 3794 792 3848 Plural
809 3797 880 3849 statt
895 3794 932 3847 im
952 3794 1097 3864 singular:
1117 3795 1243 3864 σκῆπτρα,
1261 3799 1351 3867 θρόνοι

183 3913 225 3947 -,
244 3899 273 3937 so
291 3882 335 3937 die
354 3881 430 3938 Teile
448 3883 505 3935 und
523 3882 634 3938 Glieder
653 3880 700 3933 des
717 3878 843 3947 Kdrpers,
870 3895 953 3932 wenu
971 3896 1025 3934 von
1053 3879 1142 3934 ciuem
1162 3881 1206 3935 die
1225 3881 1300 3936 Reda
1315 3911 1350 3921 —

184 3968 273 4034 στήθη
293 3996 322 4006 -
343 3968 372 4020 et
391 3983 461 4034 quae
479 3969 641 4035 sequuntur.
