2964 4814
725 308 765 369 73

241 485 357 549 Eodem
381 484 584 549 modoetiam
606 483 661 548 911
669 507 780 565 ματα
802 489 834 548 et
856 486 1020 566 σφαγαί
1038 482 1077 546 de
1101 499 1163 546 una
1186 482 1325 545 immola-

63 627 66 633 ·
158 594 240 657 tione
263 592 417 655 dicuntur.
463 592 513 655 Ita
537 592 669 672 primum
702 591 818 671 legitur
840 589 997 671 θύματα,
1029 606 1109 670 quae
1137 606 1197 651 vox
1226 605 1327 668 paruo

78 712 109 771 J
152 699 272 780 plurale
303 702 424 762 tanturn
454 705 517 763 est:
556 698 604 763 El.
634 699 694 762 573
724 698 763 761 de
791 697 953 779 Iphigenia
983 685 1039 758 οἷδ’
1068 697 1112 781 ην
1148 694 1191 757 τοὶ
1220 699 1325 776 κείνης

155 804 312 887 θύματα,
345 805 457 868 deinde
486 810 614 887 σφαγαί
639 805 692 886 (de
726 805 936 885 compluribus
963 801 1137 885 pecudibus
1161 805 1218 881 Ag.
1247 802 1323 866 root

61 961 65 967 -
155 913 290 994 ἔστηκεν
318 906 380 997 ἤδη
402 911 492 996 μῆλα
521 913 602 993 πρός
623 911 752 994 σφαγοὶς
773 909 887 992 πυρός,
908 911 948 974 ib.
974 913 1066 990 1090)
1094 909 1132 973 de
1163 927 1241 974 una:
1266 908 1323 972 Eu.

50 1034 53 1040 ·
157 1023 218 1082 450
237 1018 361 1101 σφαγαὶ
374 1054 412 1062 -
426 1017 587 1100 νεοθήλου
603 1021 705 1100 βοτοῦ
713 1040 721 1099 ;
742 1018 825 1099 apud
843 1017 1029 1098 Sophoclem
1045 1017 1099 1097 (de
1114 1016 1324 1098 compluribus

157 1125 335 1188 horninibus
360 1124 485 1189 δόλοισι
512 1125 633 1211 κλέψαι
660 1126 764 1207 χειρός
790 1124 935 1198 ἐνδίκους
960 1123 1097 1205 σφαγάς.
1128 1123 1175 1187 El.
1200 1122 1256 1204 37)
1287 1122 1325 1186 de

157 1250 219 1295 uua
247 1231 366 1296 bestia:
395 1232 443 1296 El.
470 1236 529 1296 568
560 1233 699 1314 ἔλαφον,
734 1222 777 1295 οὗ
810 1232 896 1295 κατα
929 1231 1059 1313 nomae
1095 1229 1327 1311 ἐκκομπάσας,·

157 1340 252 1403 etiarn
274 1339 312 1402 de
335 1339 479 1404 vulnere:
504 1339 577 1404 Tra.
602 1341 662 1402 5'0'3
685 1330 770 1421 αἷμα
788 1343 853 1401 τῶν
877 1339 967 1420 ἐμοῖο
985 1341 1129 1420 σφαγῶν.

240 1470 308 1535 Huc
322 1470 412 1534 traho
433 1469 557 1551 ῥύσια
569 1469 595 1553 ¹)
615 1489 657 1536 so.
679 1470 830 1556 χρήματα
852 1475 907 1535 aut
924 1469 956 1534 id
971 1469 1053 1550 quod
1070 1470 1100 1532 vi
1117 1468 1326 1551 abstrahitur,

158 1577 289 1657 praeda.
327 1577 375 1640 Ad
398 1577 569 1658 complures
592 1595 641 1641 res
662 1578 800 1657 pertinet
821 1579 873 1642 Su.
895 1582 969 1640 417:
992 1574 1075 1661 μήτε
1095 1577 1184 1662 δῆρις
1205 1576 1327 1658 ῥυσίων

158 1683 338 1770 ἐφάψεται,
361 1683 481 1748 111736
506 1683 627 1765 ῥυσίων
655 1683 850 1766 ἐφάπτορες.
899 1685 945 1748 De
975 1702 1036 1748 una
1065 1703 1099 1748 re
1122 1683 1169 1747 vel
1192 1701 1328 1763 persona

143 1797 331 1872 *usurpatur
362 1792 414 1855 Su.
439 1788 663 1874 318Ἔπαφος
689 1791 811 1873 ῥυσίων
833 1789 1019 1872 ἐπώνυμος,
1048 1809 1110 1871 quo
1140 1790 1207 1854 loeo
1229 1787 1329 1871 ῥύσια

161 1898 286 1979 proprie
298 1897 454 1976 significat
467 1898 767 1980 »Fortzerrereien«,
782 1898 1017 1974 »albarensem«,
1039 1898 1057 1960 i.
1072 1917 1098 1961 e.
1112 1897 1327 1962 liberationem

164 2004 346 2084 (singularis
369 2011 474 2066 autom
498 2023 557 2068 non
587 2005 687 2068 solum
709 2007 770 2069 vim
793 2004 889 2069 habet
915 2004 1052 2085 praedae
1082 2004 1153 2085 (Ag.
1177 2007 1250 2080 540)
1272 2003 1326 2067 sed

163 2112 255 2174 etiam
287 2112 453 2191 pecuniae,
489 2129 551 2191 que
583 2111 750 2175 redimitur
782 2112 894 2192 aliquis
924 2111 1001 2191 (00.
1035 2110 1108 2190 858)
1144 2116 1176 2175 et
1213 2109 1327 2191 piaculi

162 2216 254 2297 (Phil.
277 2217 376 2297 9ῑ19)).

245 2348 395 2412 Similiter
416 2347 461 2411 de
490 2349 609 2412 unius
631 2366 831 2429 personae
860 2349 973 2426 furto
1005 2348 1119 2413 dicitur
1140 2345 1328 2431 κλοπαί1)

162 2457 218 2535 Ag.
247 2457 307 2518 412
344 2450 466 2539 ἤσχυνε
506 2457 617 2530 ξενίαν
653 2453 820 2536 τράπεζαν
857 2455 1014 2519 κλοπαῖσι
1044 2452 1191 2537 γυναικός
1220 2460 1253 2518 et
1282 2454 1329 2517 de

160 2562 278 2626 unius
308 2562 484 2625 hominis
515 2570 605 2625 ortu
636 2565 758 2641 γοναί
785 2561 833 2625 Al.
858 2566 937 2626 1094
966 2561 1109 2645 ὁμηδὲυ
1138 2557 1184 2624 oio
1204 2565 1331 2642 γοναῖσι
1374 2562 1376 2566 ’

162 2669 348 2747 (Singularis
371 2675 474 2733 autem
496 2669 613 2747 legitur
634 2668 697 2733 00.
724 2669 809 2732 1294.
844 2668 907 2732 OR.
928 2669 1029 2748 1469).
1068 2668 1330 2749 Kummererusn

160 2776 282 2856 quidem
311 2794 379 2839 eum
401 2775 553 2856 pluralem
578 2775 725 2840 contendi
752 2775 820 2838 vult
843 2793 912 2838 oum
935 2775 978 2836 aaa*
999 2777 1055 2856 τῆς
1076 2779 1168 2858 γονῆς
1189 2775 1237 2838 vel
1260 2793 1329 2839 oum

160 2883 203 2943 τοὶ
235 2882 402 2961 perediam
440 2888 526 2946 recto
558 2900 651 2958 sane,
683 2882 738 2946 sed
772 2881 883 2945 melius
914 2881 988 2944 mibi
1020 2880 1153 2944 conferri
1183 2881 1331 2961 uidentur

162 2989 388 3052 comoediarum
403 2989 485 3053 tituli
510 2989 597 3052 velut
618 2989 817 3071 Ἀφροδίτης,
834 2986 1007 3066 Διονύσου,
1030 2989 1179 3052 Μουσῶν
1199 2985 1318 3070 ponae)

160 3112 291 3174 quorum
317 3096 468 3159 rationem
491 3095 621 3160 reddere
645 3101 778 3161 conatus
801 3100 851 3158 est
862 3094 1037 3159 Lobeckius
1053 3095 1199 3183 Aglaopb
1213 3113 1243 3174 p.
1259 3095 1330 3158 437.

162 3201 252 3264 Iuvat
279 3203 374 3265 etiam
405 3203 437 3266 in
467 3204 732 3283 comparationem
765 3220 877 3266 vocare
908 3202 1010 3265 Γουαὶ
1036 3202 1113 3275 Διὸς
1134 3200 1261 3281 aaaron,
1292 3207 1330 3266 ut

160 3305 248 3371 locus
285 3327 384 3389 prope
423 3309 538 3375 Sardes
569 3311 648 3374 situs
679 3308 858 3393 nominatur
890 3315 923 3372 et
950 3308 1050 3372 locum
1081 3307 1230 3372 Boeotiae
1255 3308 1332 3382 Διὸς

164 3419 259 3497 γοναί
277 3415 318 3496 (v.
342 3415 436 3480 schol,
459 3415 601 3495 11111).
634 3415 718 3479 ldem
745 3421 794 3481 est
812 3414 868 3478 Th.
884 3414 1012 3494 Birtii⁶)
1035 3414 1182 3480 iudicium
1202 3414 1331 3480 dicentis

232 3694 258 3761 1)
279 3711 304 3747 v.
323 3693 417 3746 Herm.
437 3693 473 3746 ad
489 3644 544 3762 hg.
563 3694 623 3748 540.

230 3779 258 3844 9)
278 3779 312 3833 el
331 3778 506 3833 Kummereri
524 3779 544 3832 1.
562 3795 585 3833 o.
603 3779 631 3832 ΙΙ
649 3797 674 3849 p.
694 3782 718 3833 7.

231 3864 472 3934 mloHpS

230 3951 258 4020 4)
277 3949 312 4005 ef.
331 3948 466 4019 Stephani
493 3948 663 4003 Thesaurum
687 3965 708 4005 a.
733 3951 795 4021 γονή
822 3957 850 4007 et
871 3952 950 4008 Pind.
982 3951 1084 4006 Jsthm.
1116 3951 1159 4015 6,7
1180 3949 1332 4021 Ἡρακλείοις

161 4048 256 4103 γοναῖς.
275 4034 371 4105 Eurip.
389 4034 474 4104 Hipp.
496 4035 563 4089 1080
580 4025 600 4088 ὦ
618 4037 707 4106 πικραὶ
723 4042 804 4103 γοναί.
823 4037 866 4092 Jo.
885 4038 936 4092 339
955 4040 1063 4107 ἐξευρεῖν
1080 4037 1164 4103 γονάς.

232 4124 258 4194 b)
278 4121 351 4176 Zwei
371 4119 519 4193 politisohe
538 4119 650 4177 Satiren
670 4121 717 4176 dee
737 4121 814 4179 alten
831 4121 902 4176 Rom
921 4139 948 4195 p.
970 4123 1028 4180 126.
