2964 4814
721 295 760 356 52

221 479 412 558 ’Σφαγαί
430 472 585 552 iugulum:
608 471 678 538 Pro.
701 477 760 538 889
783 472 941 554 δίθηκτον
956 472 992 534 ἐν
1006 475 1166 554 σφαγαῖσι
1179 471 1329 564 βάψασα

161 587 267 666 ξίφος
289 581 373 661 apud
390 579 570 660 Sophoclem
589 597 750 661 nusquam,
777 579 862 658 apud
880 578 1062 658 Euripidem
1078 578 1199 645 Orestis
1218 601 1248 646 v.
1266 584 1327 648 283

160 688 204 761 εἰς
226 687 355 770 σφαγάς
375 675 460 750 (ἆσαι
481 690 582 768 ξίφος.

242 819 417 898 Αὕχένες
438 816 600 898 Sophoclis
624 816 661 880 fr.
685 822 744 880 593
767 814 880 880 πώλου
905 815 1006 898 δίκην,
1027 814 1095 896 ἥτις
1117 852 1155 862 -
1177 821 1328 904 θερισθῇ

164 963 197 971 -
226 925 372 1005 αὐχένων
394 921 472 987 ἄπο.
494 923 952 1003 (ef.Hehraicumtsavvar1m).
983 922 1158 1002 Singularis
1171 926 1194 1004 ¹)
1218 931 1325 990 autem

160 1038 267 1097 exstat
289 1033 361 1095 hut.
388 1028 535 1111 122111.
559 1034 628 1094 695.

702 1229 781 1314 sa.

244 1364 342 1430 Simili
360 1364 451 1428 modo
472 1364 564 1426 etiam
584 1363 614 1425 in
633 1363 703 1426 aliis
720 1362 815 1426 rebus
831 1363 1045 1444 imprimisque
1058 1363 1088 1426 in
1106 1363 1327 1431 instrumentis

164 1473 293 1555 pluralis
324 1489 381 1552 pro
419 1471 568 1550 singulari
607 1469 780 1533 adhibetur.
832 1469 875 1533 Et
910 1470 1044 1551 primum
1082 1471 1218 1534 adsunto
1252 1473 1327 1537 mihi

160 1583 300 1661 βωμοί.
342 1576 446 1640 Etiam
477 1576 526 1640 hic
548 1595 698 1639 uumerus
721 1576 837 1640 autad
859 1577 1036 1656 analogiam
1060 1578 1192 1642 aliarum
1217 1599 1326 1644 vocum

160 1685 368 1750 adsimulatus
406 1702 476 1746 esse
517 1689 574 1747 aut
607 1681 734 1747 fluxisse
767 1702 803 1746 en
834 1684 902 1763 ipsa
939 1683 1088 1763 primaria
1125 1703 1162 1748 ac
1197 1689 1327 1766 propria

160 1790 463 1856 notionerlicendus
496 1791 566 1854 erit.
609 1789 779 1854 Confertur
811 1795 915 1853 auteur
943 1791 1059 1870 optime
1081 1789 1325 1857 Hebraicum

158 1898 328 1974 bamoth,
348 1898 430 1978 quod
449 1915 542 1978 saepe
558 1896 789 1978 sepulcrum
806 1895 962 1976 significat
979 1897 1082 1977 itaque
1099 1916 1156 1976 pro
1173 1899 1326 1978 singulari

161 2013 334 2084 usurpatur
355 2005 489 2068 notione.
531 2004 591 2068 Sed
614 2004 724 2086 βωμός
745 2005 869 2084 proprie
892 2005 1020 2067 eandem
1038 2006 1099 2067 vim
1119 2005 1214 2069 hahet
1231 2025 1325 2086 quam

157 2112 308 2194 pasagii:
344 2111 378 2174 ll.
412 2114 498 2191 8,4di
534 2108 666 2191 ἅρματα
697 2111 726 2172 δ’
756 2107 805 2192 oi'pc
835 2114 977 2191 βωμοῖσι
1007 2117 1112 2192 τίθει,
1143 2112 1202 2176 Od.
1234 2118 1327 2194 7,l00

158 2217 301 2299 χρύσειοι
323 2218 350 2279 δ’
377 2211 443 2298 ἄρα
473 2221 581 2299 κοῦροι
612 2216 783 2300 ἐϋδμήτων
805 2218 861 2280 ἐπὶ
882 2219 1003 2298 βωμῶν
1031 2218 1187 2282 ἕστασαν.
1230 2223 1325 2301 Atqui

159 2343 215 2388 ara
239 2342 362 2404 semper
384 2323 450 2388 fere
473 2344 490 2388 e
514 2325 723 2405 compluribus
754 2324 904 2404 gradihus
936 2326 1109 2405 composita
1140 2332 1224 2404 erat,
1254 2345 1324 2392 cum

159 2430 356 2512 αἀαέβασιςθ)
379 2433 405 2493 ei
429 2433 538 2494 addita
561 2439 654 2509 esset,
676 2449 768 2511 quam
791 2429 918 2512 ἐσχάρα
939 2451 999 2495 uon
1023 2431 1169 2496 habebar.
1209 2435 1325 2517 Itaque

159 2541 267 2618 βωμοί
287 2538 410 2617 proprie
441 2544 515 2601 sunt
536 2538 709 2617 complures
731 2538 857 2616 gradus.
900 2538 1009 2601 Nonne
1035 2539 1131 2614 igitur
1155 2539 1324 2619 Sophocles

159 2651 192 2707 et
215 2643 377 2724 Euripides
398 2661 468 2707 eum
488 2644 649 2724 pluralem,
673 2645 697 2707 si
722 2645 760 2708 de
778 2662 840 2708 una
861 2663 917 2708 ara
939 2645 1101 2722 agebatur,
1126 2653 1210 2709 recte
1234 2664 1325 2710 usur-

159 2752 301 2831 patrant?
332 2749 451 2814 Contra
467 2751 639 2831 Aeschylus
662 2752 784 2830 saepius
802 2751 954 2830 singulari
972 2752 1191 2834 utiturneque
1209 2752 1326 2833 plurali

158 2860 217 2921 nisi
238 2858 410 2938 complures
435 2877 507 2921 aras
530 2858 736 2922 iudicaturus.
781 2856 949 2938 Sophocles
973 2866 1076 2921 autem
1101 2859 1140 2921 de
1170 2859 1325 2939 singulari

157 2982 214 3027 ara
237 2965 362 3045 scripsit
383 2968 502 3046 βωμοῖς
529 2964 590 3028 OC.
604 2969 664 3028 898
685 2964 795 3046 μολών
816 2965 898 3045 πρός
919 2965 1040 3028 τούσδε
1062 2967 1191 3047 βωμούς
1212 2967 1263 3042 (cf.
1287 2967 1324 3032 V.

158 3076 219 3135 888
241 3071 355 3152 βωμόν
376 3071 413 3133 de
436 3071 573 3149 eadem),
602 3070 666 3135 OR.
684 3076 718 3134 16
739 3070 945 3155 προσήμεθα
965 3075 1105 3153 βωμοῖσι
1115 3074 1139 3151 ⁴)
1167 3077 1236 3146 ταῖς
1256 3077 1326 3147 σοῖς

228 3285 252 3350 l)
272 3284 305 3338 cf.
322 3285 440 3338 cervices
457 3285 552 3353 (Neue,
569 3285 617 3338 lat.
637 3286 831 3343 Formenlehre
851 3288 864 3340 I
883 3306 908 3357 p.
927 3291 990 3353 449)
1017 3287 1108 3341 Plaut.
1128 3288 1186 3342 Mil.
1212 3290 1324 3360 aarum

158 3370 267 3424 Terent.
288 3371 387 3424 Heaut.
408 3370 433 3433 2,
452 3373 477 3434 3,
499 3373 544 3424 131
567 3374 595 3425 et
614 3371 711 3427 ubivis.

228 3474 255 3533 2]
276 3473 293 3526 i.
315 3490 337 3527 e.
356 3473 443 3537 Stufe,
462 3474 623 3544 Unterlage.
635 3475 701 3545 jede
720 3478 773 3532 Art
791 3495 847 3531 von
864 3477 1025 3547 Erhlthung.

227 3579 253 3646 3)
274 3577 309 3633 cf.
327 3574 439 3630 Nitcsch
455 3574 504 3631 Od.
524 3576 540 3629 2
559 3596 584 3647 p.
606 3580 645 3632 lo.

224 3681 251 3747 4)
271 3679 351 3733 Falso
370 3677 526 3732 Ellendtins
545 3681 581 3747 (v.
600 3681 706 3736 lexicon
728 3700 754 3751 p.
775 3682 852 3749 lert:
877 3700 933 3738 noa
956 3684 1117 3746 necessario,
1136 3681 1237 3752 inquit,
1258 3685 1324 3755 piu·

155 3767 239 3820 ratem
261 3768 325 3820 Ant.
337 3769 413 3819 1006
430 3770 461 3818 ut
481 3763 583 3820 OR.16
597 3767 648 3822 00.
657 3773 715 3824 898
732 3769 765 3823 de
779 3769 909 3838 pluribus
927 3770 986 3823 aris
1003 3770 1123 3839 intercepi
1142 3777 1262 3839 apparet
1277 3771 1326 3826 sed

155 3853 189 3907 de
206 3854 309 3908 incerto
330 3866 449 3905 numero.
474 3881 507 3889 -—
532 3850 625 3907 Latini
644 3872 754 3923 quoque
778 3854 924 3924 scriptores
943 3871 993 3923 pro
1013 3871 1062 3906 are
1079 3854 1246 3924 scripserunt
1263 3872 1327 3912 aran

154 3938 199 3992 vel
218 3937 317 3992 altaria
336 3937 381 4008 (cf.
401 3936 479 3990 Neue
497 3936 516 3989 1.
536 3954 558 3991 c.
578 3938 592 3991 I
611 3940 693 4008 plssd
712 3941 762 4011 sq),
783 3941 861 3995 velut
879 3940 981 3994 altaria
1000 3939 1054 3993 Cic.
1073 3940 1132 3997 cst.
1153 3942 1198 4007 19,
1216 3942 1323 3999 nativ.

150 4021 180 4158 ᾗ
197 4021 238 4087 12,
259 4023 299 4158 173.
317 4022 360 4088 21,
378 4021 402 4087 1,
421 4020 445 4074 4.
464 4019 526 4077 Tae.
544 4022 595 4077 An.
616 4024 657 4088 16,
675 4023 721 4092 81;
749 4042 814 4080 arae
834 4024 918 4095 Verg.
939 4025 1006 4078 Aen.
1025 4026 1049 4090 3,
1074 4028 1132 4081 alo.
1152 4027 1177 4092 4,
1197 4027 1257 4082 219.
1275 4025 1323 4084 Or.

181 4107 218 4159 et.
238 4107 262 4171 7,
280 4109 305 4161 4.
