2964 4814
722 275 761 337 36

162 462 306 534 augetur,
329 455 361 519 in
377 454 521 534 sequenti
539 473 663 536 quoque
677 455 819 535 exemplo
835 455 1003 536 iuvenitur,
1027 455 1056 519 in
1075 474 1135 538 quo
1150 473 1208 538 pro
1224 462 1335 522 nostra

161 582 216 626 nos
241 563 364 644 quidem
390 563 496 646 lingua
518 561 609 625 valrle
638 561 839 626 offendimus:
860 564 908 626 Ai.
934 566 1010 625 1305
1034 554 1086 644 ἆρ’
1106 562 1148 626 ἄν
1170 563 1334 645 αἰσχύνοι-

157 696 194 754 μι
215 671 290 743 τούς
310 670 392 750 πρὸς
414 667 554 749 αἵματος,
579 667 633 742 οὓς
653 671 712 731 νῦν
733 669 778 732 ου’
800 670 935 732 τοιοῖσδ’
957 672 993 731 ἐν
1014 670 1147 734 πόνοισι
1168 682 1334 754 κιιμένοος

160 779 261 852 music
283 775 469 849 α’δοίιιτοος.
511 776 599 851 Quae
617 775 729 839 Teucri
753 776 851 839 verba
874 778 917 839 ita
941 779 978 839 au
999 781 1120 840 Aiacem
1144 780 1243 842 solum
1260 798 1332 860 per·

160 888 279 960 tinent,
309 891 343 948 ut
368 884 444 957 τοδς
466 883 549 964 ιτρδς
568 881 706 964 αἵματος
733 884 774 945 sit
806 902 887 946 uuus
911 904 927 945 e
949 887 1138 964 propinquis.
1184 887 1330 950 Eiusdem

158 993 278 1068 petieris
308 1000 356 1054 est
378 991 449 1053 Pr0.
471 995 525 1053 ot:
556 989 600 1052 ori
622 989 651 1051 δ’
674 979 718 1051 αὖ
739 993 904 1062 κατοκνεῖς
935 994 1002 1052 τῶν
1024 991 1100 1064 Διός
1122 993 1150 1053 τ’
1167 992 1330 1075 ἐχδρῶνῙ)

161 1097 246 1179 ὅπερ
269 1106 408 1171 στέιιιιςι
440 1097 471 1160 id
504 1104 551 1160 est
581 1115 638 1176 pro
668 1115 717 1173 eo,
747 1097 798 1176 qui
830 1098 1012 1184 interioris
1043 1101 1241 1163 adversarios
1272 1109 1330 1165 est.

160 1206 258 1270 Porro
281 1204 344 1268 OR.
363 1206 441 1268 1250
462 1206 572 1285 (γοᾶτο
590 1202 687 1276 corrue
705 1204 792 1266 ἔνθα
812 1239 849 1248 -
872 1204 955 1265 τέκν’
971 1206 1005 1266 ἐκ
1019 1215 1139 1267 τέκνων
1155 1209 1253 1287 τέκοι)
1271 1207 1328 1272 sub

159 1321 279 1375 τέκνων
302 1329 383 1376 unus
400 1330 416 1375 e
436 1311 554 1390 liberis,
585 1310 720 1390 Oedipus
743 1311 863 1406 scilicet
879 1310 1077 1388 intellegitur.
1111 1312 1259 1376 Similiter
1280 1314 1327 1379 El.

163 1420 241 1483 1066
258 1419 293 1482 ch
316 1408 345 1480 οῗ
365 1423 489 1498 χθονία
510 1421 657 1500 βροτοῖσι
669 1417 776 1500 φάμα,
796 1418 880 1479 κατά
899 1441 954 1499 μοι
971 1417 1097 1501 βόασον
1110 1419 1242 1503 οῖκτροῒν
1261 1417 1332 1485 ὅπα

159 1532 226 1600 τοῖς
247 1526 355 1607 ἔνερθ’
374 1526 545 1607 Ἀτρείδαις
589 1525 721 1588 luralem
743 1523 914 1607 Ἀτρείδαις
945 1526 983 1589 de
1014 1546 1074 1590 uno
1101 1532 1330 1606 Agamemnone

160 1640 344 1713 usurpatum
368 1652 437 1697 esse
459 1633 560 1696 iudico
582 1632 662 1694 sieut
684 1630 748 1694 ΟΒ.
763 1632 824 1695 496
844 1633 927 1712 πρδς
949 1629 1024 1695 ὅτου
1048 1634 1088 1716 δή
1110 1636 1249 1716 βασάνῳ
1271 1637 1329 1700 ἐπὶ

159 1740 222 1803 sole
254 1739 419 1821 ἐπίδαμον
455 1740 555 1821 φάτιν
584 1729 648 1819 εἶμ’
678 1737 844 1802 Οἰδίποδα
873 1740 1131 1822 Λαβδακίδαιςῖ)
1160 1743 1331 1825 ἐπίκουρος

104 1840 107 1845 ’
160 1845 293 1931 α’δήλων
312 1845 482 1909 θανάτων.

244 2206 304 2271 seo
328 2206 358 2269 in
378 2224 412 2269 re
433 2206 632 2287 apertissima
647 2205 731 2284 longi
750 2223 867 2270 sumus,
905 2204 1087 2269 Transimus
1104 2225 1184 2271 nnnc
1203 2207 1244 2270 ad
1258 2208 1327 2288 plu-

162 2313 258 2377 ralem
282 2312 366 2376 verbi
389 2313 454 2377 sive
483 2312 671 2394 pronominis
701 2314 730 2375 in
761 2312 891 2377 choricis
920 2312 1108 2376 carminibus
1132 2319 1327 2394 usurpatum.

161 2419 249 2484 Multi
265 2437 340 2483 sane
358 2420 416 2483 viri
438 2419 553 2500 docti⁸l
575 2420 612 2484 de
633 2419 758 2484 chorioa
776 2420 975 2499 antiquorum
992 2424 1062 2484 arte
1079 2426 1112 2482 et
1132 2419 1326 2484 choricorum

160 2526 331 2591 carminum
344 2513 448 2590 relatu
472 2531 519 2591 tot
537 2531 663 2607 tamque
686 2525 864 2606 praeclaras
886 2525 1108 2605 explicationes
1134 2526 1223 2590 uobis
1245 2526 1326 2592 fece-

159 2641 243 2714 ruut,
273 2639 308 2697 ut
330 2634 361 2696 in
383 2633 566 2697 universum
589 2638 709 2702 eertum
732 2631 769 2696 de
796 2631 845 2696 his
867 2632 959 2697 rebus
978 2632 1125 2710 -iuffluium
1149 2633 1328 2700 habeamus

158 2741 219 2805 Sed
244 2741 425 2822 priusquam
455 2738 494 2803 ad
524 2756 561 2802 ea
589 2739 782 2803 choricorum
811 2739 978 2802 tractanda
1006 2740 1157 2820 exempla,
1183 2758 1264 2821 quae
1284 2741 1326 2805 ad

161 2855 300 2911 nostram
324 2847 536 2927 quaestionem
555 2846 701 2925 attinent,
723 2845 919 2925 accedamus,
948 2845 1042 2909 altius
1064 2845 1150 2944 mjhi,
1179 2853 1214 2911 ut
1235 2867 1326 2928 expe-

230 3090 255 3157 l)
276 3089 309 3143 cf,
331 3089 393 3142 Eur.
413 3090 497 3144 Andr.
509 3090 559 3142 402
578 3091 633 3141 &nel
645 3088 668 3141 δ’
683 3088 805 3157 α’φιιιόμην
826 3093 925 3151 Φθίαν,
943 3091 1057 3150 φονεῦσιν
1071 3092 1184 3163 Ἕκτορος
1202 3095 1324 3155 νυμφεύο-

158 3197 220 3237 μαι,
239 3192 294 3242 quo
312 3174 371 3227 loco
392 3173 505 3234 φοιιῦοιι
524 3191 594 3228 unus
613 3190 628 3228 e
646 3176 730 3244 gente
747 3173 938 3237 interfectoris,
965 3174 1039 3227 filius
1060 3160 1326 3245 nempe'eiusNeo·

157 3261 295 3330 ptolemeo
311 3258 491 3328 significatur.
1236 3265 1242 3274 '

224 3380 254 3446 2)
273 3377 331 3444 Quo
351 3378 477 3455 exemplo
496 3380 569 3432 recte
584 3377 700 3431 Jacobus
719 3376 749 3438 ll.
769 3393 792 3431 c.
811 3377 891 3444 pao)
910 3379 1152 3444 Λαβδακίδαις,
1171 3379 1272 3448 inquit,
1292 3382 1325 3437 de

158 3481 212 3517 uno
239 3464 312 3517 Loio
338 3479 393 3515 esse
417 3463 512 3526 dictos,
538 3465 583 3517 oui
600 3457 745 3531 plurativo
763 3479 874 3515 numero
889 3469 988 3530 pocta,
1009 3470 1039 3517 ut
1058 3465 1198 3518 obscuram
1217 3468 1247 3519 ιἰι
1263 3482 1324 3520 car·

155 3551 226 3602 mine
245 3549 329 3616 lyrico
348 3555 460 3616 amparet
478 3547 632 3610 dictionem,
654 3546 829 3600 adiunxisset
846 3547 946 3613 ἀδήλων
966 3549 1090 3598 δονάκων
1108 3548 1323 3618 adversosque

157 3633 190 3686 de
210 3632 267 3686 Lol
286 3638 372 3684 morte
390 3631 520 3701 dissipati
539 3640 617 3687 erant
634 3648 757 3686 rumores
776 3630 979 3701 sipnificandos.

225 3750 251 3816 3)
273 3748 412 3816 Imprimis
432 3749 583 3803 Boeclrhius
601 3747 635 3802 de
654 3752 725 3817 trag.
734 3748 837 3824 Graec,
856 3746 998 3807 Christius,
1019 3748 1153 3819 »Tolluug
1171 3751 1218 3803 des
1238 3750 1324 3804 Chore

156 3831 193 3884 im
213 3832 348 3886 attischen
364 3833 493 3900 Draurm,
512 3834 622 3887 Muflius
637 3832 790 3885 »chorische
805 3833 929 3888 Technilr
942 3835 988 3888 des
1005 3835 1177 3902 Sophocles«,
1192 3834 1269 3888 'idem
1288 3835 1321 3888 de

155 3917 237 3970 ohoro
245 3917 399 3978 Persarum,
420 3918 484 3971 »der
492 3917 562 3970 Chor
575 3918 623 3970 der
631 3917 728 3970 Siebon
745 3917 792 3970 des
803 3919 980 3987 Aeschylus‹;
1002 3921 1164 3973 Arnoldtius
1180 3920 1243 3973 »der
1251 3919 1323 3973 Chor

152 4002 190 4054 im
200 4004 417 4071 Agamemnon«,
428 4001 615 4057 Weckleinius
631 4003 712 4056 »iiber
726 4002 770 4057 die
782 4000 904 4057 Technik
920 4005 974 4056 und
986 4005 1038 4057 deu
1046 4005 1169 4074 Vortrsg
1178 4005 1227 4059 der
1238 4003 1322 4058 Chor-

155 4091 277 4156 geshnge
296 4087 341 4142 des
359 4087 535 4156 Aeschylus«,
556 4086 739 4142 Freerieksius
756 4088 789 4140 de
811 4087 938 4156 Aeschyli
955 4088 1037 4142 choro
1055 4089 1220 4158 supplicum.
