2964 4814
711 270 751 334 cc

238 446 508 515 Schneidewinum
548 455 656 515 autem
692 449 772 514 falso
811 450 851 513 ad
888 449 969 515 hunc
1005 470 1134 518 versum
1169 454 1330 520 adnotare

153 561 210 625 der
234 557 352 623 Plurol
376 545 490 638 sporta
515 559 592 623 tiber
619 559 679 623 das
703 558 878 623 Acrmlc'cbc
896 577 934 622 ex
951 560 994 623 eis
1013 560 1163 640 exemplis
1181 568 1331 648 apparot,

154 685 234 748 quae
255 666 320 745 ipsc
340 664 450 728 affert:
473 665 545 728 Hcs
568 673 646 729 scut.
663 667 722 730 313
742 670 886 745 τρίπους,
908 665 1009 729 κλατιδ
1028 668 1104 748 ἔργα
1125 672 1330 750 περίφρονος

154 773 347 855 Ἡφαίστοιο
376 777 407 835 et
440 790 521 853 quae
554 778 736 853 sequuntur.
780 772 841 836 Sed
873 771 958 852 apud
984 772 1170 853 Sophoclem
1201 774 1240 839 fr.
1267 780 1330 841 269

153 879 310 943 invenitur
341 876 471 957 ἐρωδιός
500 877 562 959 γιδρ
592 877 729 964 ὑψόθεν
761 876 950 960 ποτιόμενος
981 874 1097 961 dodon
1128 899 1167 944 σε
1197 881 1329 966 πλήξω,

154 985 272 1070 νηδύος
300 983 539 1064 χειλύμασι.
591 984 634 1047 Et
666 985 725 1048 lroc
763 986 899 1050 maxime
933 986 998 1050 loco
1031 987 1161 1067 pluralis
1192 989 1263 1068 ipsa
1293 1009 1329 1054 re

154 1092 391 1174 postulabatur3
411 1090 482 1156 binc
505 1092 582 1156 illud
604 1092 786 1174 χειλύμασί
806 1111 844 1157 σε
855 1092 980 1174 πλήξω.
1006 1095 1074 1158 Vox
1091 1100 1199 1159 autem
1223 1092 1329 1170 ύνένος

153 1199 307 1281 pluralem
330 1218 390 1262 non
414 1198 509 1263 habet
532 1200 585 1262 sed
605 1206 653 1262 est
675 1200 834 1280 singulare
857 1205 1000 1275 tantum;
1020 1219 1094 1280 ergo
1115 1207 1243 1266 coactus
1266 1203 1328 1266 fuit

152 1312 248 1387 poeta
276 1305 326 1370 hic
356 1305 456 1369 fracta
478 1306 691 1369 concinnitate
720 1306 913 1385 singularem
939 1324 997 1386 pro
1017 1307 1132 1387 plurali
1154 1307 1325 1389 adponere.

155 1414 282 1477 Accedit
296 1412 354 1477 hoc
366 1410 568 1491 Aeschylcum
579 1433 586 1472 :
598 1413 654 1476 Eu.
672 1417 710 1475 23
726 1415 813 1475 ἔνθα
823 1413 967 1494 Κωρυκὶς
976 1420 1030 1476 πό
1035 1414 1147 1495 τρα-δ
1152 1437 1190 1477 αι
1196 1413 1244 1496 μό
1252 1439 1326 1479 νων

154 1519 425 1601 α’ναστροφαί
444 1517 672 1598 theclrlcinius
693 1519 824 1600 praebet
846 1519 1076 1603 α’ναστροφή);
1101 1521 1218 1604 dequo
1236 1531 1325 1586 recte

152 1625 366 1706 Wrobelius1)
399 1625 553 1706 pluralem
582 1624 657 1689 dicit
690 1624 864 1704 significare
886 1626 1036 1710 frequens
1058 1627 1153 1692 luisse
1174 1628 1206 1691 in
1228 1635 1325 1693 antro

153 1735 205 1799 illo
222 1735 351 1798 deorum
368 1731 604 1796 deverticulum.
635 1732 836 1797 Simillimum
853 1739 903 1797 est
916 1732 993 1797 illud
1013 1734 1223 1818 ἐπιστροφαί,
1237 1737 1324 1818 quod

153 1841 328 1905 adhibitum
350 1839 491 1903 videmus
526 1839 573 1903 Se.
596 1841 657 1902 948
681 1839 778 1903 πόλιν
799 1840 864 1915 ἕξει
885 1839 1047 1924 πατρῴων
1068 1840 1274 1921 δωμάτων
1295 1843 1323 1903 τ’

154 1945 423 2028 ἐπιστροφάς
453 1952 485 2009 et
515 1946 570 2008 Eu.
603 1945 660 2009 551
706 1949 894 2028 ξενοτίμοιις
924 1947 1128 2029 ἐπιστροφδς
1159 1947 1326 2029 δωμάτων

153 2052 328 2135 αἰδόμενός
355 2075 401 2125 τις
432 2055 526 2116 ἔστω.
575 2052 650 2128 Quis
677 2057 784 2116 autem
813 2059 863 2117 est
892 2053 945 2136 qui
976 2061 1070 2133 neget
1100 2054 1322 2120 admirabilem

154 2161 314 2244 quandam
335 2160 595 2239 perspicuitatem
619 2159 721 2222 inesse
750 2159 808 2222 tali
837 2160 1052 2224 attributionis
1074 2161 1212 2242 plurali?
1255 2165 1323 2227 lam

154 2287 228 2332 vero
245 2267 305 2330 illis
321 2267 481 2348 explicatis
498 2266 649 2346 exemplis
667 2265 833 2331 commode
849 2266 946 2330 etiam
964 2266 1025 2332 alia
1044 2268 1325 2349 interpretabimur

155 2375 374 2454 velutAg.9bl
398 2371 791 2455 κηκῖδα-εἱμάτων
812 2372 967 2455 βαφάς,
990 2373 1214 2439 Eutrilcffll
1234 2375 1324 2440 κόσ-

152 2503 227 2564 μον
249 2488 415 2563 φέροντας,
440 2487 596 2561 νερτέρων
618 2480 641 2541 α’
648 2479 725 2560 γόλ
731 2502 844 2562 ματα
866 2485 898 2544 cl
919 2480 990 2544 alia.

700 2674 776 2757 so.

237 2807 386 2891 Sequitur
414 2814 449 2871 ut
479 2807 517 2869 de
550 2826 611 2870 uno
642 2807 724 2890 quod
754 2807 912 2890 reliquum
939 2813 988 2873 est
1017 2826 1132 2888 genere
1152 2810 1321 2875 verborum

154 2915 321 2979 moralium
344 2913 508 2977 dicendum
532 2915 582 2977 sit.
619 2913 661 2978 Et
683 2913 797 2978 borum
820 2914 946 2996 quidem
963 2914 1066 2980 forma
1084 2916 1198 2996 plurali
1214 2917 1324 2982 multi·

154 3021 297 3084 tudinem
314 3038 424 3084 revera
441 3021 596 3084 contineri
614 3022 679 3085 fere
697 3022 728 3085 in
748 3039 893 3086 concesso
912 3039 981 3087 esse
1002 3026 1089 3103 puto.
1122 3023 1166 3087 Ac
1181 3024 1322 3104 primum

155 3127 251 3191 affero
273 3127 460 3208 τίνα’γκαι.
497 3129 525 3192 ls
547 3128 687 3208 pluralia,
709 3147 802 3211 quem
821 3128 977 3194 Homerus
999 3130 1126 3211 sprevit,
1147 3129 1213 3194 iam
1234 3131 1321 3212 apud

155 3234 350 3298 Herodotum
387 3236 413 3316 (1
445 3236 517 3314 116)
554 3234 711 3314 significat
730 3236 879 3317 uincula,
910 3242 1054 3302 catenas:
1084 3236 1254 3321 Ἀστυάγης
1284 3238 1326 3300 δέ

155 3364 212 3423 μιν
236 3340 393 3423 α’γόμενος
415 3341 459 3415 εἰς
481 3343 540 3416 τοὶς
561 3341 711 3422 α’νόγκας.
758 3342 909 3408 Similiter
939 3344 1057 3409 dictum
1090 3349 1140 3410 cst
1165 3345 1238 3409 Prc.
1261 3346 1320 3410 108

153 3447 309 3528 οἷνόγκαις
329 3448 439 3512 ταῖσδ’
465 3450 648 3531 ἐνέζευγμαι
668 3449 770 3524 τάλας
789 3455 820 3514 ct
841 3450 895 3515 Pc.
918 3453 989 3517 890.

236 3554 338 3618 Etiam
359 3552 486 3635 λύμαι
507 3556 546 3619 ad
570 3555 707 3620 eiusdem
730 3554 906 3621 Promethei
930 3558 1051 3622 vincula
1073 3559 1235 3639 pertinent
1245 3558 1318 3623 Pro.

154 3661 228 3738 155,
258 3661 310 3724 ubi
338 3662 468 3741 legimus
496 3662 606 3726 ταῖσδ’
637 3664 674 3725 ἐν
701 3663 999 3745 α’δαμαντοδετοισι
1026 3663 1150 3747 λύμαις,
1192 3664 1233 3727 11).
1256 3669 1316 3728 443

29 3785 31 3788 ·
153 3767 286 3848 δαμέντ’
324 3767 602 3849 α’δαμαντοδέτιιις
643 3771 771 3834 Τιτᾶνα
816 3768 933 3852 λύμαις
972 3769 1146 3853 εἰσιδόμαν
1185 3770 1318 3850 (Ceteris

158 3882 260 3938 autern
281 3875 354 3938 locis
371 3893 407 3938 oa
425 3895 485 3939 vox
501 3876 627 3956 propria
645 3876 745 3940 utitur
762 3877 793 3942 vi
811 3877 890 3941 labis
907 3884 940 3941 et
958 3878 989 3941 in
1009 3878 1158 3958 singulari
1174 3877 1411 4013 ponitur&

154 4008 347 4017 ——-——-—

223 4079 435 4148 nlapffl.
540 4038 544 4045 ·
