2964 4814
728 260 771 335 ca'

237 453 276 515 Et
289 451 424 532 primum
438 449 564 534 quidem
576 449 607 512 in
622 447 842 513 attributionis
852 447 976 528 plurali,
994 466 1065 513 cum
1077 448 1117 512 ad
1129 449 1332 529 singularam·

153 561 282 623 alicuius
306 557 447 623 vocabuli
472 556 720 636 atliuugebatur,
751 574 784 618 re
807 574 882 619 vera
905 554 1027 638 aliquid
1049 556 1214 636 plurativi,
1239 558 1324 640 quod

156 666 278 744 dixeris,
293 664 423 729 infuisse
439 664 685 728 animadvertas
710 662 802 725 Velut
810 661 887 725 Phil.
897 663 947 743 36,
972 662 1023 726 ubi
1033 662 1130 726 habes
1145 664 1329 744 ἔκπωμα,

159 773 381 856 φλαιιρουργοῢ
404 794 489 845 τινος
511 769 736 853 τεχνήματ’
757 766 888 850 ἄνδράς,
912 770 1056 849 poculum
1080 770 1172 853 quasi
1195 771 1330 835 collecti·

157 898 231 943 vum
256 883 320 954 est;
343 896 416 941 nam
439 877 548 941 multis
563 881 612 940 ost
634 875 774 939 artificiis
795 876 1015 967 compositum.
1050 877 1172 940 Artifex
1194 879 1277 941 enim
1299 877 1329 940 id

160 1003 222 1048 non
234 982 776 1063 solumerudimateriaoxcavabat,
792 982 952 1046 sedetiam
963 983 1330 1064 cer·aoxpoliebat,ansas

160 1091 313 1169 addebat,
345 1091 520 1168 marginem
552 1088 758 1167 rotunuabat,
790 1088 958 1153 acanthum
991 1088 1126 1153 fortasse
1157 1091 1205 1154 vel
1227 1090 1329 1154 simile

158 1204 378 1261 ornamentum
404 1196 550 1280 quamuis
575 1195 634 1258 vila
656 1195 862 1275 insculpebat.
909 1195 958 1259 Ab
981 1215 1017 1260 ea
1041 1215 1073 1262 ro
1093 1196 1329 1277 proficiscamur
1392 1217 1394 1221 ⁴

158 1309 294 1383 oportet.
344 1302 501 1367 Paulatim
531 1308 638 1365 autem
670 1308 782 1381 poetae
811 1303 876 1365 sivo
902 1320 959 1382 per
988 1302 1167 1382 analogiam
1190 1303 1255 1367 sive
1276 1321 1328 1367 ex·

158 1409 373 1489 aggerationis
396 1409 501 1488 gratia
532 1413 600 1471 tum
626 1426 751 1491 quoque
773 1408 853 1472 hunc
874 1408 1031 1488 pluralem
1056 1410 1228 1490 ponebant,
1256 1428 1328 1473 cum

158 1517 306 1596 plurativi
337 1516 414 1580 nihil
443 1517 512 1579 voci
541 1515 660 1595 inerat3
693 1514 802 1597 itaque
824 1505 991 1595 Euripides
1015 1515 1079 1579 Alc.
1102 1515 1182 1581 1030
1205 1500 1243 1580 (le
1265 1535 1329 1580 una

158 1623 290 1687 muliere
311 1621 478 1705 νικητήρια
499 1622 587 1685 (lixit.
615 1621 677 1685 Sed
699 1621 800 1684 satius
823 1627 872 1685 est
891 1621 1014 1701 singula
1038 1621 1181 1703 exempla
1201 1622 1328 1688 afferre:

159 1729 243 1792 ll.P
275 1731 336 1794 355
358 1728 476 1808 legitur
506 1726 757 1808 Πάτροκλον·
792 1731 920 1810 Τροηῖσι
950 1730 1074 1793 κνσὶν
1103 1729 1328 1812 μέλπηθρα

161 1841 327 1916 γενέσθαι.
368 1835 434 1912 Quo
465 1835 530 1898 loco
559 1834 713 1913 pluralem
746 1833 927 1916 μέλπηθρα
959 1835 1150 1900 concinnitas
1184 1836 1328 1915 exigebat

160 1948 289 2023 propter
328 1945 438 2018 κσσι’ν;
480 1940 516 2004 cf.
554 1940 607 2005 Su.
639 1940 739 2005 8080h
779 1941 887 2021 (κυσὶν
922 1941 951 2003 δ’
988 1943 1097 2005 ἔπειθ’
1134 1942 1237 2024 ἕλωρα
1273 1942 1330 2005 οὐκ

156 2048 333 2130 αἰαιΐνομαι
355 2046 489 2127 πέλειν).
534 2047 580 2110 De
601 2046 655 2111 illo
678 2047 790 2111 deindo
813 2048 974 2128 eucarpio,
997 2049 1079 2130 qrxod
1102 2049 1252 2130 scriptum
1276 2056 1326 2114 est

156 2156 292 2232 'l‘ltcngn
324 2173 352 2216 v.
387 2156 482 2218 1293:
515 2151 690 2236 Ἀταλάντη
720 2187 759 2198 -
793 2151 946 2235 φεύγοντ’
976 2154 1150 2236 ἱμερόεντα
1187 2153 1327 2236 γάμον,

155 2264 276 2348 χρνσης
297 2260 528 2342 Ἀφροδίτης
550 2259 665 2341 δῶρα
682 2278 775 2324 nemo
792 2261 937 2341 probabit
956 2261 1031 2325 mihi
1050 2262 1172 2341 Spittac
1187 2264 1209 2341 ¹)
1232 2264 1325 2326 verba

160 2367 327 2432 iudicantis
350 2368 469 2431 ιλοιιιιιιι
500 2367 684 2432 vocabalum
705 2369 836 2449 saepias
860 2369 1022 2448 pluralem
1052 2390 1220 2433 ιιιιιιιιιαιιι
1243 2391 1326 2450 prae

156 2495 189 2539 se
212 2473 364 2552 ferrand
389 2473 600 2538 indicandam
629 2494 696 2538 rena
724 2474 878 2538 citaturum.
923 2475 993 2538 Mea
1024 2475 1151 2557 quidem
1182 2476 1325 2554 opinione

156 2580 259 2660 potius
278 2599 349 2643 cam
368 2579 407 2644 ob
424 2597 552 2644 causam
573 2578 682 2661 δῶρα
702 2581 874 2660 positum
897 2586 956 2644 est
976 2599 1047 2660 pro
1071 2580 1208 2662 δῶρον,
1233 2583 1327 2663 quia

153 2685 376 2766 yolpogillc
406 2704 478 2766 per
508 2704 635 2749 annos
670 2685 792 2750 durat
822 2692 861 2750 et
890 2688 991 2750 (lona
1015 2706 1088 2750 non
1113 2706 1232 2750 unum
1255 2688 1324 2750 scd

153 2792 362 2872 complura
390 2792 454 2856 vel
487 2791 585 2855 adeo
620 2792 751 2856 multa
785 2802 879 2856 surrt
911 2794 948 2856 in
980 2793 1183 2873 singulari
1215 2792 1325 2873 γάμῳ

155 2918 250 2981 quae
272 2902 465 2979 praestat
488 2897 621 2961 Venus.
665 2897 806 2961 Perbene
836 2899 932 2978 igitur
957 2904 1053 2978 pocta
1080 2898 1159 2962 dixit
1181 2897 1271 2980 δῶρα
1293 2904 1325 2962 at

154 3006 273 3069 rectius
306 3022 403 3087 quam
434 3003 460 3066 si
488 3002 666 3082 scripsisset
697 3002 812 3085 δῶρον.
867 3004 973 3068 Etiam
1009 3005 1094 3087 apud
1133 3005 1323 3084 Aeschylum

153 3112 270 3192 legitur
292 3113 459 3193 Κρητικοῖς
478 3108 751 3192 χρυσοκμήτοισιν
781 3106 923 3191 ὅρμοις
943 3108 1142 3195 πιθήσασα,
1172 3110 1325 3193 δώροισι

153 3224 195 3281 Μ
202 3223 283 3281 ι’νοι.
324 3216 391 3293 Quo
421 3215 488 3279 loco
518 3212 650 3297 διόροισι
679 3217 900 3280 concinnitatis
931 3234 1026 3280 causa
1059 3222 1189 3297 propter
1216 3214 1325 3300 ὅρμοις

153 3325 328 3388 adhibitum
369 3340 438 3385 csse
478 3320 568 3386 facila
607 3320 808 3385 intellexeris.
859 3323 936 3387 illud
974 3327 1080 3387 autem
1116 3323 1322 3403 Sophocleum

153 3430 332 3511 cxcrnplum
362 3427 441 3491 Phil.
474 3431 512 3490 36
540 3428 707 3510 (ἔκπωμα,
742 3428 964 3512 φλανρνυργοῦ
996 3453 1081 3503 τινος
1108 3432 1283 3513 τεχνήματ’
1296 3431 1324 3510 2)

153 3535 287 3619 ἀνδρός)
309 3551 404 3614 supra
426 3533 672 3614 explanavimus.

223 3808 247 3875 l)
268 3811 302 3860 of.
322 3805 496 3875 quaestiones
514 3807 706 3878 Vergilianeas
725 3810 793 3866 1867
811 3828 837 3879 p.
859 3812 890 3864 13
913 3814 942 3865 et
962 3812 1048 3866 Iuhlii
1065 3813 1083 3866 l.
1103 3830 1124 3870 a.
1144 3831 1171 3882 p.
1189 3815 1231 3866 aa.

222 3918 248 3985 2)
267 3915 401 3972 Similiter
429 3917 495 3970 Eur.
525 3917 570 3972 Or.
599 3919 666 3972 1052
694 3921 762 3981 ξίφος
789 3951 819 3959 -
838 3900 934 3989 μνῆμα
959 3953 983 3960 -
1014 3924 1189 3989 τεχνάσματα.
1235 3925 1320 3990 Quem

152 4020 304 4058 sermonem
317 4000 444 4056 imitatus
462 4001 566 4071 scilieet
581 4007 623 4059 ost
637 4005 720 4076 Verg.
732 4008 801 4061 Aen.
813 4010 891 4073 5359
903 4009 1027 4079 clipeum,
1041 4012 1229 4082 Didymaonis
1240 4020 1320 4068 artes.

1151 4105 1168 4157 ὅ
