2964 4814
717 235 756 295 56

236 411 370 476 Pluralis
393 416 497 477 autern
517 411 652 495 fleln¹l
674 432 776 478 nonne
797 432 834 477 ex
848 415 994 494 analogia
1015 414 1098 479 illius
1124 421 1187 479 torn
1210 415 1324 480 similis

153 519 293 585 vocabuli
314 518 397 594 τόξα
420 525 588 598 usurpatus
609 537 676 584 essu
697 520 842 584 videtur?

235 659 328 740 Apud
350 659 534 743 Aeschylum
557 659 635 743 βέλη
658 660 752 725 semel
774 680 869 725 unum
893 661 989 725 telum
1012 661 1131 725 indicat
1153 661 1236 744 (Oho
1260 665 1319 727 161

153 767 195 830 τα’
218 769 245 828 τ’
270 768 305 829 ἐν
325 770 435 850 χεροῖν
456 766 639 830 παλίντονα
654 803 678 811 -
699 767 779 851 βέλη
794 764 1119 850 ἐπιπάλλων’Ἁρης),
1140 768 1323 850 frequenter

154 892 226 938 vero
252 873 334 955 apud
357 873 539 954 Sophoclem
563 873 618 938 Ph.
637 873 734 938 198eh
757 879 862 938 τεῖναι
882 875 925 937 τοὶ
948 877 1039 939 θεῶν
1060 874 1219 958 α’μοὲχητο
1241 875 1323 959 βέλη

158 985 236 1043 1287
261 982 339 1045 1406
361 980 472 1062 βέλεσι
493 984 562 1054 τοῖς
581 980 784 1061 Ἡρακλεόοςι
817 982 854 1044 de
877 1001 951 1045 arcu
971 988 1004 1046 ei
1025 983 1144 1062 sagitta
1165 981 1326 1063 (animad-

155 1094 243 1150 verte
271 1087 434 1150 verborum
465 1088 665 1166 positionem,
695 1088 733 1151 cf.
756 1089 797 1152 ib.
821 1092 880 1151 679
902 1089 1043 1169 λέκτρων
1063 1091 1129 1151 τῶν
1151 1088 1228 1163 Διός
1250 1089 1324 1152 Tra.
1347 1084 1350 1089 ’

155 1194 230 1274 ⁶265)
253 1192 400 1258 Ceterum
422 1193 463 1257 ab
486 1199 617 1275 utroque
638 1195 732 1258 etiam
757 1196 923 1275 singularis
945 1195 1104 1259 adhibitus
1127 1202 1185 1260 est.

235 1335 334 1398 Porro
355 1335 508 1415 pluralem
530 1334 707 1416 α’γκύλαι
727 1355 785 1418 per
798 1336 928 1400 eandem
944 1336 1120 1416 analogiam
1132 1354 1189 1417 pro
1202 1333 1324 1419 α’γκύλη

155 1443 270 1506 dictum
291 1461 360 1506 esse
382 1460 493 1506 censeo
515 1441 587 1507 OR.
610 1444 684 1507 204:
705 1446 961 1526 χροοοοτροφῶν
982 1443 1042 1506 ἀπ’
1065 1442 1219 1525 οῖγκολᾶν.

237 1584 322 1647 Idem
354 1583 439 1647 ualet
469 1583 501 1646 in
533 1587 642 1667 ξίφη,
675 1585 758 1665 quod
790 1583 885 1647 semul
912 1585 1038 1665 scripsit
1067 1583 1253 1664 Sophocles:
1276 1584 1323 1649 Αἱ.

158 1691 263 1755 atich
293 1691 516 1772 ονγκατακτοῖς
543 1690 701 1763 κελαινοῖς
729 1694 860 1773 ξίφεσιν
884 1689 969 1773 βότα
999 1690 1050 1771 (cf.
1076 1710 1104 1752 v.
1129 1689 1191 1771 30).
1227 1689 1324 1768 Quem

154 1798 304 1878 pluralem
329 1815 429 1878 neque
452 1803 546 1862 antea
568 1816 666 1879 neque
685 1805 796 1878 postea
818 1799 980 1879 quisquam
1012 1798 1050 1862 de
1072 1797 1225 1878 singulari
1249 1814 1324 1861 ense

156 1923 307 1985 usurpare
329 1923 425 1968 ausus
448 1911 505 1969 est.
542 1903 738 1986 Singularem
758 1904 888 1984 legimus
911 1904 959 1969 hi.
972 1909 1011 1969 30
1032 1905 1106 1969 Ant.
1121 1907 1210 1970 1034.
1232 1903 1318 1968 1309.

239 2047 301 2122 Age
324 2063 396 2108 vcro
418 2063 497 2109 nunc
519 2044 612 2108 otiam
634 2043 696 2107 alia
720 2044 891 2109 eiusmodi
919 2045 1046 2108 nomina
1077 2043 1318 2109 consideremus.

155 2150 246 2214 Talia
267 2157 340 2215 sunt
362 2152 444 2232 apud
468 2151 651 2233 Aeschylum
682 2157 714 2214 et
735 2150 917 2232 Sophoclem
946 2151 1000 2215 illa
1029 2151 1144 2234 λέχη,
1172 2150 1323 2231 λέκτρα

155 2268 195 2322 et
214 2257 376 2322 similia.

235 2397 341 2480 λέχη.
381 2397 497 2462 Eadem
520 2400 643 2462 ratione
664 2397 817 2462 Hebraico
849 2397 978 2478 pluralis
1000 2403 1171 2479 usurpatur
1192 2398 1322 2480 jetau‘ai

154 2505 253 2569 lectus
272 2523 357 2569 mens
386 2504 494 2583 (Hiobi
519 2505 632 2586 lale).
668 2504 745 2568 Vide
779 2506 875 2568 etiam
901 2505 1013 2588 psalm.
1047 2507 1127 2586 63,7.
1171 2505 1248 2589 λέχη
1269 2505 1321 2587 (cf.

154 2612 287 2692 loc-tm,
327 2611 411 2691 goth.
448 2611 549 2692 liguo,
586 2611 700 2690 liegcn)
733 2612 858 2692 proprie
897 2611 1053 2690 significat
1093 2612 1231 2692 spondas
1272 2613 1321 2677 vel

154 2718 291 2798 spondas
311 2724 343 2782 et
363 2724 475 2782 strata.
510 2717 557 2780 Ex
573 2717 631 2781 hac
648 2718 797 2797 primaria
815 2720 844 2782 vi
862 2725 995 2799 apparet
1011 2719 1163 2799 pluralem
1181 2719 1320 2799 positum

154 2844 215 2888 non
238 2843 307 2888 esse
329 2826 388 2888 nisi
410 2829 539 2905 propter
568 2825 670 2900 uarias
701 2825 747 2888 rei
776 2830 893 2905 partes,
930 2825 981 2890 Sic
1002 2825 1063 2888 iarn
1084 2825 1256 2890 Homerus:
1285 2824 1322 2891 Il.

157 2936 184 3010 3,
196 2935 250 2996 391
287 2935 390 3005 κεῖνος
420 2927 465 3011 ὅγ’
496 2914 532 2994 ἓν
563 2929 709 3011 θαλάμῳ
745 2931 800 2994 καῖ
832 2931 999 2996 δινωτοῖσι
1034 2931 1185 3011 λε’χεσσιν
1216 2935 1322 3010 3,448.

155 3038 284 3102 Tralata
301 3043 405 3102 autem
426 3038 616 3101 matrimonii
639 3036 864 3116 significatione
878 3056 978 3119 neque
992 3039 1018 3101 is
1034 3057 1137 3119 neque
1154 3039 1322 3114 Aeschylus

154 3145 262 3209 utitur.
312 3145 401 3208 Hanc
431 3143 596 3225 Sophocles
640 3142 785 3208 adhibuit
827 3150 859 3208 et
899 3144 995 3224 ipsam
1029 3164 1157 3210 numero
1197 3145 1322 3226 plurali.

153 3251 310 3314 Pluralem
340 3256 444 3314 autem
475 3251 559 3314 linnc
588 3251 625 3313 du
654 3251 851 3314 matrimonio
882 3258 1067 3331 usurpatum
1091 3269 1110 3314 a
1133 3253 1261 3333 propria
1291 3253 1321 3316 vi

153 3357 225 3422 lecti
246 3356 420 3438 proiectum
445 3375 514 3420 esse
535 3355 625 3421 facile
647 3357 814 3437 concedes3
844 3357 898 3420 sed
927 3377 965 3420 ex
988 3379 1023 3422 eo
1047 3377 1172 3441 quoque
1197 3359 1320 3422 defendi

155 3470 274 3544 potest,
314 3464 394 3544 quod
432 3465 646 3557 matrimonio,
680 3464 795 3543 quippe
827 3463 911 3544 quod
949 3465 1047 3528 multa
1078 3464 1208 3529 Veneris
1240 3465 1323 3529 dona

153 3570 324 3652 contineat,
339 3570 532 3633 numerosior
547 3570 632 3633 notio
648 3568 802 3632 inhaeret.
827 3569 912 3633 Idem
930 3571 1015 3635 cadit
1030 3572 1059 3634 in
1074 3572 1239 3652 sequentia
1255 3572 1321 3636 eius

153 3678 417 3758 generisnomina.
436 3676 483 3740 Ne
491 3676 1004 3758 tamentestimoniiscareas,apud
1012 3677 1322 3758 Aeschylumlegitur

152 3783 308 3867 λε’χηΡοο.
319 3788 379 3848 923
390 3783 509 3862 λεχέων
526 3783 603 3856 Arde
618 3781 808 3863 ἐονοὶτειραν
822 3784 948 3858 (ceteris
964 3784 1038 3849 locis
1054 3784 1159 3864 λέχοςε
1174 3786 1247 3849 Pro.
1261 3789 1320 3848 576

151 3943 345 3952 *—

221 4046 250 4116 1)
268 4047 303 4103 cf.
322 4047 391 4102 tela:
410 4045 501 4102 Ovidii
520 4045 578 4100 her.
600 4047 639 4112 14,
657 4045 698 4099 76.
724 4045 869 4116 (Draegeri
890 4045 909 4099 l.
928 4063 950 4101 c.
970 4046 991 4103 1.
1010 4064 1037 4116 p.
1047 4047 1087 4116 8.)
