2964 4814
715 255 755 316 62

156 429 264 512 εὐχάς,
275 430 360 511 quod
369 430 480 510 anteit,
493 430 712 494 concinnitatis
722 448 816 495 eausa
827 430 963 511 positum
977 436 1026 496 est
1039 437 1327 503 remunerationem

155 540 343 620 significans,
401 537 450 601 Se.
488 539 564 600 174:
612 537 760 610 πολίταις
801 534 908 600 τάσδε
953 536 1152 619 διαδρόμους
1195 545 1330 625 φυγάς

152 651 278 711 δεῖσαι.
332 646 386 708 Su.
419 644 480 708 loa
510 645 610 725 τορῶς
647 643 799 724 λέγουσαι
828 643 926 708 τάσδ’
955 643 1176 725 ἀναιμάκτους
1212 651 1328 732 φυγάς.

156 754 204 817 ni.
234 752 348 817 sooch:
388 739 417 813 ά
445 773 500 832 μοι
530 752 618 831 ε’μῶν
646 749 804 814 νόστον
834 749 872 814 do
908 750 1070 816 duodecim
1107 753 1327 821 chorentamm

154 860 248 924 choro
298 859 414 921 dictum
461 863 510 921 est
552 864 584 921 et
628 857 675 921 El.
707 858 766 921 194
796 855 909 939 οἰκτρά
938 862 1001 938 μὲν
1037 857 1207 935 νόστοις
1236 862 1330 927 αδδά

155 967 273 1030 reditus
320 964 560 1044 Agamemnonis
610 964 821 1044 sociorumque
863 965 928 1028 eius
970 966 1083 1045 plurali
1118 967 1327 1048 significatur.

154 1075 207 1138 Pe.
243 1074 357 1152 Stisssq:
388 1068 536 1134 νόστοι
565 1070 593 1132 δ’
627 1071 663 1133 ἐκ
685 1070 839 1152 πολέμων
865 1069 1011 1145 άπόνυνς
1036 1108 1077 1118 -
1105 1063 1185 1155 οῗγον
1214 1075 1330 1152 οἴκους.

157 1180 216 1243 Eu.
240 1183 354 1259 250sq:
385 1176 471 1258 δπέρ
487 1199 524 1239 τε
546 1176 672 1240 πόντου
700 1176 855 1258 άπτέροις
882 1177 1126 1263 ποτήμασιν
1146 1171 1254 1266 ἦλθον
1282 1184 1330 1248 δι-

156 1285 295 1350 ώκουσα.
343 1283 390 1347 Ea
418 1285 497 1347 enim
534 1283 629 1347 rerba
658 1290 693 1347 ut
722 1301 740 1346 a
770 1284 941 1364 coryphaeo
970 1283 1050 1350 finnt
1078 1287 1123 1351 ita
1154 1289 1194 1351 arl
1225 1296 1327 1354 toturn

159 1393 287 1459 chorum
318 1396 462 1472 spectant
490 1388 947 1473 (ο1.ν.247έκματείομεν);
982 1392 1088 1474 itaquo
1115 1394 1222 1475 plures
1253 1403 1328 1461 sunt

158 1500 312 1565 volantes,
367 1498 420 1562 SU.
452 1496 568 1562 llich:
607 1498 672 1560 τάν
707 1497 839 1579 φυγάδα
867 1534 905 1544 -
936 1498 1134 1579 ἐκβολαῖς
1173 1502 1329 1576 δυσθέοις

157 1608 307 1688 ὀρμέναν.
350 1604 417 1669 Ηου
446 1604 528 1668 enim
556 1603 624 1669 loco
654 1605 718 1666 τάν
740 1602 873 1688 φυγάδα
891 1604 1052 1671 collective
1074 1615 1258 1689 usurpatum
1279 1583 1345 1673 est·

157 1731 263 1779 omnes
290 1712 392 1776 Danai
409 1709 492 1774 filias
515 1709 702 1790 significans.
741 1711 799 1775 Eu.
825 1713 900 1777 751:
925 1713 1170 1794 πεμπάζετ’-
1194 1717 1330 1799 ἐκβολάς

160 1819 297 1908 ψήφων.
344 1818 409 1883 OR.
436 1818 514 1883 1492
538 1818 576 1881 de
597 1818 705 1899 Oedipi
728 1817 852 1883 filiabus
874 1821 1025 1900 scriptum
1050 1829 1111 1885 est:
1142 1821 1215 1886 αλλ’
1245 1823 1327 1907 ἡνίκ’

157 1925 201 1990 άν
227 1927 268 2008 δή
298 1926 380 2007 πρδς
407 1924 547 2007 γάμων
579 1921 668 2011 ἥκητ’
699 1923 834 2007 άκμάς
858 1930 890 1990 et
916 1925 954 1992 fr.
976 1928 1034 1992 inc.
1058 1933 1116 1991 767
1147 1928 1328 2014 ἐρρηξάτην

159 2037 191 2108 ἐς
211 2032 338 2097 κύκλα
365 2031 510 2111 χαλκέων
540 2029 688 2096 ὅπλων.
730 2033 848 2097 Similia
871 2034 1013 2114 exempla
1043 2041 1117 2099 sunt
1147 2035 1243 2100 haec:
1271 2037 1325 2102 So-

159 2141 280 2222 phoclis
301 2140 338 2203 fr.
359 2141 437 2204 1019
460 2129 507 2212 εἷς
529 2141 599 2203 ἐστι
620 2139 710 2218 θεός,
733 2137 767 2212 ὃς
788 2139 930 2222 ου’ρανόν
949 2140 978 2202 τ’
993 2143 1104 2218 ἔτευξε
1125 2143 1327 2224 κάνέμων

160 2248 260 2330 βιάς.
302 2246 365 2312 OG.
380 2250 438 2308 552
461 2246 521 2320 τάς
541 2245 725 2329 αἱματηράς
746 2245 940 2328 ὀμμάτων
962 2247 1212 2331 διαφθοράς.
1250 2249 1325 2316 Cho.

160 2361 198 2420 49
222 2353 261 2418 iol
284 2353 559 2436 κατασκαφαὶ
582 2352 737 2434 δόμων,
766 2372 829 2436 quo
858 2355 925 2418 loco
957 2356 1198 2420 concinnitatem
1222 2357 1326 2421 valere

158 2468 301 2542 apertum
324 2467 381 2524 est.
423 2461 494 2526 Pro
517 2465 556 2525 99
586 2460 760 2541 μόχθων
791 2469 987 2542 τέρματα.
1031 2463 1081 2527 Su.
1114 2467 1175 2526 467
1195 2463 1327 2528 πολλῶν

156 2565 299 2632 ἄκουσον
329 2569 490 2648 τέρματ’
517 2565 651 2630 αἰδοίων
678 2566 789 2648 λόγων.
842 2569 895 2633 Su.
923 2570 984 2633 519
1014 2573 1234 2651 πτερωτῶν
1263 2570 1325 2653 άρ-

159 2678 300 2755 παγαί.
333 2673 382 2737 Sc.
407 2675 468 2737 338
487 2673 634 2754 άρπαγαὶ
657 2673 695 2736 δὲ
715 2675 898 2755 διαδρομᾶν
919 2673 1104 2756 ὁμαίμονες.
1146 2679 1204 2756 Ag.
1219 2679 1327 2762 llnsq.

157 2780 239 2844 ἰδοίν
256 2780 316 2843 δύο
337 2778 480 2863 λήμασιν
501 2779 591 2854 ἴσους
612 2779 834 2861 (Weckleinius
857 2780 918 2844 δύο
939 2781 1063 2868 λήμασι
1085 2782 1241 2861 δισσούς).
1282 2785 1327 2847 Αἰ.

158 2894 217 2954 759
237 2893 382 2974 βαρείαις
410 2887 510 2968 πρός
541 2891 649 2950 θεῶν
669 2887 961 2970 δυσπραξίαις.
1000 2889 1046 2952 ΕΙ.
1070 2892 1110 2953 34
1131 2886 1195 2969 ὅτῳ
1214 2890 1328 2971 τρόπῳ

159 2996 261 3076 πατρὶ
281 2994 387 3067 δίκας
406 2992 548 3077 άροίμην
567 2997 646 3056 τῶν
666 2993 971 3076 φονευσάντων
987 2995 1117 3077 maipa:
1146 2996 1197 3060 ubi
1218 2997 1325 3076 plura·

161 3104 199 3166 lis
232 3102 338 3180 δίκαι,
368 3119 438 3164 curn
464 3101 504 3164 ad
528 3099 635 3180 plures
657 3106 777 3181 spectet
800 3100 951 3180 nominee,
989 3103 1207 3167 concinnitatis
1232 3091 1354 3167 causa

156 3210 280 3291 positus
314 3214 372 3272 est.
429 3207 480 3271 Pe.
512 3208 572 3271 235
613 3207 691 3290 τῆλε
721 3207 803 3291 πρδς
831 3207 852 3269 δ
861 3212 1016 3289 υσμαίς
1046 3205 1186 3282 ἄνακτος
1218 3209 1328 3272 Ἡλίου

160 3315 493 3398 φθινασμάτων
537 3332 598 3394 quo
636 3313 702 3378 loco
739 3319 834 3393 poeta
869 3315 1092 3397 φθινάσματα
1123 3316 1238 3379 iterum
1272 3334 1328 3397 per

159 3424 279 3486 numeri
303 3422 524 3485 attractionem
546 3421 679 3500 scripsit.
715 3419 755 3482 Et
773 3421 859 3503 quod
875 3420 914 3485 ad
934 3422 1014 3486 hanc
1030 3427 1094 3486 tarn
1110 3422 1327 3487 admirabilem

159 3547 400 3610 synonymarum
424 3544 533 3590 vocum
555 3527 800 3591 coniunctionem
822 3529 957 3606 attinet,
988 3528 1104 3593 similes
1126 3529 1227 3592 inveni
1253 3527 1328 3592 has:

158 3636 210 3700 Pe.
225 3639 284 3719 546
304 3635 445 3716 λέκτρων
464 3632 609 3706 εόνάς-
622 3633 772 3715 α’φεῖσαι.
816 3634 872 3713 Ag.
892 3638 953 3699 948
976 3635 1008 3708 ἐς
1026 3634 1140 3715 δόμων
1162 3634 1326 3715 μέλαθρα.

158 3742 206 3806 Se.
225 3746 285 3806 837
309 3742 403 3806 etiam
428 3739 524 3803 πόνοι
545 3738 665 3802 πόνων.
701 3739 899 3804 00.1238ch
920 3741 1005 3802 κακά
1027 3744 1135 3804 κακῶν
1156 3742 1176 3806 i.
1195 3759 1222 3804 e.
1244 3739 1329 3804 mala

156 3849 290 3913 omniurn
323 3855 463 3912 extrema
495 3847 545 3927 (cf.
573 3846 627 3911 Pe.
657 3848 718 3911 334
749 3851 809 3910 809
838 3849 945 3909 κακῶν
973 3844 1103 3936 ὕψιστα
1123 3847 1263 3910 -Phil
1288 3851 1327 3910 65

157 3957 267 4034 ἐσχατ’
291 3953 440 4034 ἐσχάτων
462 3952 559 4036 κακά)
582 3953 645 4018 OR.
671 3957 729 4017 465
759 3947 871 4037 ἄρρητ’
894 3952 1045 4037 άρρήτων
1066 3954 1247 4024 τελέσαντα
1268 3977 1326 4036 φο-

157 4065 260 4126 νίαισι
269 4065 391 4143 χερσίν.
426 4063 495 4124 Ant.
509 4064 565 4126 166
578 4061 660 4142 quod
679 4065 766 4125 extat
776 4059 909 4143 θρόνων
918 4060 1021 4145 κράτη
1037 4061 1157 4126 numeri
1172 4061 1325 4126 attractio
