2964 4814
683 269 722 338 29

122 455 212 521 dano
237 453 377 520 oerldiid
407 475 483 518 ιιιοιι
514 461 592 518 stete
621 455 678 518 nili
707 455 765 520 der
789 453 993 537 Pluralform
1020 476 1080 521 οοο
1107 455 1293 538 Adjeote‘oeu

119 564 196 627 eder
218 562 420 640 Partiee'pieu
448 560 529 625 οιιιΙι
557 561 617 624 dus
640 561 878 638 Mosculloum,
909 561 1005 626 model
1033 562 1085 627 die
1106 563 1292 646 Beaieltuup

122 668 186 748 auf
202 667 326 733 Weidner
346 667 533 732 oermutla'ele
556 667 644 731 uiolet
667 667 930 732 ouneuuensuar
946 667 1004 746 auf
1025 669 1093 733 eilde
1111 668 1290 752 Πιοροοιιορ

122 776 190 840 aad
216 775 429 856 Vereiuipunp
468 795 529 838 οοιι
562 775 889 854 verschiedeuortlpen
926 775 1087 841 Persoueu
1122 776 1290 855 statlfoud.

121 882 271 964 Equidem
300 900 417 962 nempe
445 900 512 944 eam
544 881 641 944 habeo
665 882 848 961 opinionem,
885 886 920 945 ut
943 881 1068 944 Electra
1097 883 1158 945 illis
1186 883 1291 948 verbis

121 986 646 1071 (πεσούμεθοι-τιμοιρούμειοθ
674 987 874 1051 masculinam
905 1005 1029 1068 quoque
1060 989 1194 1069 aliquam
1222 1009 1291 1070 pcr-

123 1115 231 1160 sonam
248 1095 339 1159 simul
356 1096 481 1172 indicet,
504 1093 646 1158 Orestem
666 1095 793 1158 scilicet.
833 1093 880 1156 De
901 1112 937 1156 eo
956 1096 1037 1157 enim
1058 1113 1091 1158 re
1112 1115 1184 1159 vera
1206 1097 1292 1161 Elee-

124 1211 205 1267 tram
228 1203 376 1282 eogitare,
400 1201 472 1264 dum
496 1201 548 1264 illa
569 1199 665 1262 verba
686 1199 769 1278 faeit,
798 1200 843 1263 sie
865 1199 1071 1263 ‹lenmustrari
1092 1220 1182 1280 posse
1203 1211 1289 1283 puto.

122 1310 260 1374 Primum
278 1308 351 1373 illud
367 1307 426 1372 hae
444 1309 474 1370 in
492 1325 526 1370 re
542 1307 625 1370 haud
641 1307 730 1386 parvi
748 1307 895 1370 momenti
912 1312 974 1386 est,
992 1308 1072 1387 quod
1090 1308 1162 1371 nihil
1182 1316 1291 1373 eontra

32 1474 39 1480 .
122 1417 399 1480 hanesententiam
412 1414 575 1494 possediei
594 1414 725 1491 videtur,
743 1413 945 1492 contraquod
962 1415 1053 1495 isqui
1072 1433 1139 1478 eam
1150 1416 1291 1496 sequitur

125 1526 155 1586 in
190 1523 353 1586 notissima
388 1522 457 1601 lege
495 1522 698 1600 grammatica
727 1521 924 1599 agnoscenda
954 1522 1151 1602 acquiescere
1178 1529 1292 1603 potest.

126 1631 245 1694 Deinde
266 1629 423 1692 Electram
456 1645 531 1691 saue
562 1627 590 1690 iu
614 1631 717 1689 mente
750 1625 867 1689 habere
888 1625 1030 1690 Orestem
1053 1646 1120 1691 cum
1150 1648 1191 1709 re,
1212 1641 1293 1709 quae

125 1739 239 1817 agitur,
270 1735 386 1816 optime
407 1733 562 1810 convenit,
594 1751 663 1795 cum
686 1734 715 1795 in
739 1751 800 1796 uno
816 1732 930 1796 Oreste
958 1734 1010 1796 illa
1034 1752 1119 1814 spem
1143 1739 1291 1818 posuerit,

126 1846 242 1909 socium
264 1848 359 1922 atque
378 1843 509 1904 amicum
530 1840 646 1903 habeat
668 1857 764 1902 unum
788 1839 940 1918 Orestem,
973 1841 1025 1920 qui
1046 1859 1109 1904 una
1132 1861 1201 1906 eum
1224 1844 1292 1924 ipsa

123 1952 223 2033 patris
263 1948 429 2013 ulciscendi
459 1965 551 2011 caiisa
582 1947 659 2009 meri
686 1946 779 2025 velit,
823 1965 891 2010 eum
930 1965 1030 2028 neque
1061 1947 1293 2029 Chrysothemis

127 2076 227 2138 neque
247 2057 310 2120 alia
332 2072 506 2136 quaequam
530 2071 663 2134 persona
684 2054 745 2137 tale
763 2053 837 2134 quid
851 2053 953 2117 lacere
972 2055 1003 2116 in
1022 2055 1125 2119 animo
1140 2055 1293 2121 liabererit.

127 2166 296 2228 Praeterea
318 2162 410 2242 paulo
430 2166 504 2226 ante
519 2162 557 2223 de
578 2161 644 2241 ipso
662 2160 773 2224 Oreste
788 2160 915 2224 Electra
930 2178 999 2224 cirin
1012 2161 1105 2225 cnoro
1120 2180 1292 2228 sermonem

124 2273 212 2342 lecim
240 2270 316 2333 arleo
345 2269 375 2331 in
404 2268 644 2350 cogitationibus
675 2268 740 2330 eius
761 2266 860 2329 frater
883 2267 1044 2331 haerebat.
1085 2269 1162 2333 Vide
1185 2288 1292 2335 versus

126 2381 305 2442 ala-327:
335 2380 398 2439 XO
419 2375 455 2456 [i.
476 2393 501 2438 e.
524 2373 749 2455 coryphaeus)
769 2373 903 2454 seilicet)

288 2531 342 2592 καὶ
365 2527 407 2612 δή
429 2528 461 2593 τ’
480 2530 596 2611 ἐρωτῶ,
619 2531 679 2592 τοῦ
699 2528 893 2615 κασιγνήτου
913 2536 948 2592 τί
968 2529 1039 2614 φῄς,
1095 2584 1097 2590 .

288 2635 421 2723 ἥξοντος
442 2631 466 2720 ἢ
485 2636 673 2717 μέλλοντος
697 2635 819 2699 εἰδέναι
837 2637 936 2700 ueto.

185 2752 253 2809 HA
286 2749 388 2826 φησίν
408 2765 452 2823 γε,
475 2741 612 2824 φάσκων
635 2743 664 2804 δ’
686 2742 784 2806 οὐδὲν
806 2731 853 2804 ele
873 2743 957 2823 λέγει
975 2748 1072 2806 ποιεῖ.

183 2857 245 2916 XO
287 2850 378 2932 φιλεῖ
393 2851 454 2932 yolo
476 2849 582 2912 ὀκνεῖτ’
604 2851 726 2933 πρᾶγμ’
750 2850 834 2932 dello
853 2849 1016 2932 πράσσων
1032 2858 1124 2931 μέγα.

180 2966 246 3022 ΗΛ
290 2958 344 3020 καὶ
365 2957 430 3038 μὴν
453 2956 540 3037 ἔγωγ)
559 2956 656 3020 ἔσοιτ’
679 2959 803 3019 ἐκεῖνον
821 2956 879 3019 οὐκ
900 2953 991 3037 ὄκνῳ.

184 3071 247 3130 XO
289 3062 421 3144 θάρσει·
446 3072 593 3145 πέφυκεν
614 3063 745 3142 ἐσθλὸς,
768 3060 846 3127 ὥστ’
866 3063 978 3144 οἷρκεῖν
999 3062 1112 3144 φίλοις.

187 3178 255 3235 ΗΛ
291 3169 439 3248 πέποιθ’,
461 3170 564 3232 ἔπειτ’
585 3167 629 3232 ἄν
649 3168 689 3232 ου’
710 3171 841 3251 μακροὲιι
865 3172 943 3246 ἔζων
963 3167 1034 3250 ἐγώ.
1135 3200 1140 3210 ·

184 3283 246 3342 XO
287 3278 333 3360 μι]
353 3280 411 3338 νῦν
433 3277 478 3338 ἔτ’
499 3276 593 3358 εἴπης
613 3276 726 3359 μηδὲν·
751 3275 792 3350 οἷς
812 3275 925 3357 δόμων
945 3276 1011 3356 ὁρῶ

289 3383 350 3470 τήν
372 3383 434 3465 σήν
456 3379 607 3464 ὅμαιμον,
630 3384 665 3445 ἐκ
687 3383 811 3464 πατρὸς
832 3382 955 3446 τοῖιιτοῦ
977 3381 1087 3466 φύσιν,

290 3489 517 3570 Χρυσόθεμιν,
541 3490 576 3551 ἔκ
590 3513 627 3551 τε
648 3491 769 3573 μητρὸς
797 3489 939 3571 ἐντάφια
956 3492 1065 3570 χεροῖν

290 3603 466 3678 φέρουσαι,
489 3587 543 3658 οἷοι
564 3599 631 3669 τοῖς
652 3595 740 3658 κοέτοι
761 3599 933 3675 νομίζεται.
976 3568 985 3587 ⁴

211 3703 328 3767 Contra
348 3703 462 3766 dixerit
483 3703 633 3783 quispiam
650 3703 808 3766 Electram
838 3703 868 3765 in
899 3683 1040 3765 sermone
1067 3720 1133 3764 cuni
1158 3701 1292 3780 Chryso-

126 3810 262 3874 themide
291 3809 375 3874 laeto
398 3810 541 3874 Orestem
573 3827 704 3889 prorsus
732 3827 793 3873 non
824 3825 1075 3873 commemorare.
1119 3808 1179 3872 Sed
1210 3808 1289 3870 enim

194 4069 219 4137 1)
238 4087 262 4124 v.
282 4070 369 4155 Muffii
387 4072 528 4126 ehorisehe
547 4068 670 4125 Technik
687 4073 735 4125 des
755 4069 902 4142 Sophocles
922 4087 948 4137 p.
969 4067 1028 4123 131.
