2964 4814
719 173 758 238 81

702 351 723 434 ὅ
745 349 777 422 3.

232 487 415 568 Atquecum
425 482 646 549 ooonunrerali
655 484 680 549 si
692 485 777 568 quod
788 484 1240 565 coniungebaturvocabulum,
1250 483 1322 549 huic

153 594 321 676 Aeschylus
331 593 402 674 plus
411 590 505 655 semel
514 590 928 671 pluralemformaminduit:
952 593 1009 671 Ag.
1022 593 1149 672 ll5sqq.
1171 589 1251 654 roceo
1261 588 1323 654 δύο

150 702 296 783 λῖμασιν
316 676 407 772 ἴσους
427 701 509 778 (cunr
525 696 688 761 Dindorfio
710 695 854 781 λήμασιν
868 697 965 776 ἴσους,
990 705 1099 762 contra
1114 696 1321 762 Weckleinius

152 805 562 889 ευιίρείῖλήμασιδίσσους)
570 803 730 885 Ἀτρείδας
736 808 907 885 μαχίμους.
924 802 1029 869 cillo
1046 805 1104 868 157
1115 789 1323 883 δυ’Ᾱῖαντες,·

152 915 207 979 sed
230 914 316 991 ζ436
330 911 480 976 habemus
498 910 697 974 δύωΑῖαντε.
718 912 754 974 ln
764 910 846 975 duali
864 912 945 974 enim
957 910 997 974 ab
1014 910 1147 974 Homero
1162 908 1232 989 δυ’σ,
1244 908 1322 990 δύω,

154 1015 256 1103 άμφω
280 1036 403 1099 semper
423 1019 529 1097 posita
551 1022 635 1081 sunt.
675 1019 772 1082 Porro
790 1016 963 1097 Aeschylus
985 1016 1137 1098 pluralem
1160 1016 1326 1082 adhibuit:

153 1125 191 1190 ir.
215 1126 305 1204 2975
328 1125 386 1187 δύο
406 1125 467 1205 γάρ
488 1112 547 1186 οὖν
567 1122 705 1206 μορφάς.
750 1123 952 1204 Concinitque
973 1121 1143 1204 Sophocles
1165 1123 1323 1187 nonnullis

156 1234 232 1296 locis
255 1233 307 1312 qui
332 1233 398 1312 ipse
421 1247 542 1312 quoque
565 1247 635 1294 cum
658 1228 716 1291 δύο
738 1230 890 1310 pluralem
919 1229 1005 1293 verbi
1034 1231 1244 1294 coniunxerit:
1275 1230 1324 1295 El.

156 1340 212 1403 701
235 1338 292 1401 δύο
314 1342 447 1419 Λίβυες.
478 1337 535 1400 Ph.
558 1338 615 1401 117
640 1337 698 1399 δύο
727 1345 817 1418 (με’ρει
839 1337 1025 1420 δωρήματα.
1061 1338 1109 1401 Ai.
1132 1340 1191 1403 237
1216 1336 1273 1400 δυο
1295 1337 1324 1400 δ’

154 1445 335 1526 α’ργῖιτοδας
356 1444 463 1526 κριοδς
481 1442 616 1508 άνελών.
661 1444 698 1507 fr.
720 1444 812 1522 786,3
835 1443 995 1526 εὐφρόνας
1008 1441 1029 1526 ¹)
1060 1444 1127 1508 δύο.
1173 1445 1215 1508 Et
1241 1451 1323 1509 recte

157 1569 233 1616 sane
261 1549 519 1631 Dolbrueckiusl)
548 1549 608 1615 hoc
636 1568 705 1614 esse
734 1550 853 1614 iudicat
885 1550 1100 1632 antiquitatis,
1137 1559 1171 1614 ut
1199 1551 1256 1614 δύο
1282 1552 1322 1614 ad

156 1659 308 1739 pluralem
328 1659 413 1723 vocis
434 1658 645 1738 adposuerint.
671 1656 877 1721 Nihilominus
896 1663 998 1720 tamen
1014 1658 1055 1722 ad
1076 1677 1180 1722 vorum
1200 1657 1324 1721 dualem

156 1765 334 1847 adplicatur
356 1764 414 1826 δύο
432 1764 572 1844 plurimis
595 1763 669 1827 locis
697 1765 782 1827 velut
812 1764 860 1828 Se.
884 1770 943 1828 405
967 1765 1015 1826 δυ’
1036 1760 1146 1846 ἄνδρε.
1189 1765 1240 1829 Po.
1267 1765 1325 1829 184

157 1872 216 1935 δυο
245 1872 368 1953 γυναῖκ’
396 1870 554 1952 εδείμονε.
602 1871 677 1935 Cho.
711 1874 771 1935 206
802 1870 850 1933 δύ’
887 1871 986 1935 ε’στδν
1021 1872 1104 1934 τάδε
1137 1871 1325 1954 περιγραφά

155 1979 285 2042 ποδοῖν.
315 1979 386 2042 Pro.
397 1980 458 2043 805
484 1978 577 2040 δυοῖν
597 1977 700 2060 λόγοιν
724 1995 762 2042 σε
783 1983 916 2058 θατέρῳ
938 1979 1134 2064 δωρήσομαι,
1155 1980 1215 2044 893
1231 1978 1324 2042 δυοῖν

157 2086 195 2148 δὲ
222 2091 366 2167 θάτερον
394 2084 600 2169 βουλήσεται.
642 2085 689 2150 Se.
713 2088 773 2150 905
801 2084 912 2147 τοῖνδε
939 2085 1032 2148 δυοῖν
1053 2086 1221 2166 αὐάκτοιν,
1253 2088 1324 2150 939.

157 2193 281 2256 Por-22
304 2193 397 2255 δυοῖν
418 2195 683 2275 στρατευμάτοιν,
705 2194 766 2257 738
786 2193 928 2274 γεφύραν
949 2197 1023 2274 γαῖν
1038 2194 1140 2256 δυοῖν.
1173 2195 1230 2272 Ag.
1246 2195 1324 2258 1384

157 2301 193 2362 ἐν
225 2300 318 2363 δυοῖν
347 2299 579 2381 οἰμωγμάτοιν,
608 2300 690 2380 quod
712 2299 876 2365 Elmsleius
899 2301 1041 2364 restituit
1063 2287 1100 2364 ex
1124 2299 1324 2382 οἰμώγμασιν

159 2407 239 2471 sicut
268 2406 325 2470 Eu,
348 2408 410 2471 663
439 2406 531 2469 δυοῖν·
561 2407 760 2488 μιασμάτοιν
786 2426 842 2488 pro
873 2407 1077 2489 μιασμάτων.
1103 2444 1138 2451 -
1162 2407 1240 2472 Phil.
1264 2410 1323 2473 426

157 2515 217 2577 939
240 2509 343 2596 άνδρε
364 2514 425 2596 γάρ
448 2513 506 2575 δύο
524 2517 688 2594 χωρεῖτον.
721 2512 782 2576 OC.
805 2513 938 2597 530s'qq.
957 2515 1015 2577 δύο
1033 2515 1062 2576 δ’
1079 2511 1155 2580 άτα.
1175 2517 1247 2580 Ant.
1264 2516 1324 2580 533

158 2621 206 2683 δύ’
227 2616 303 2684 άτα.
344 2620 401 2685 Ph.
423 2621 484 2685 543
508 2620 570 2684 σάν
591 2620 684 2685 δυοῖν
706 2616 828 2684 άλλοιν.
864 2621 928 2686 OB.
950 2625 1008 2687 581
1034 2630 1066 2688 et
1089 2623 1171 2687 alibi.

244 2926 329 2992 Haec
357 2932 432 2993 sunt
462 2945 541 3009 quae
568 2927 607 2990 de
638 2927 791 3008 singulari
820 2926 934 3008 plurali
962 2927 1045 2992 duali
1075 2929 1157 3007 apud
1189 2931 1325 3010 tragicos

159 3053 243 3100 meos
265 3033 358 3099 obvia
380 3033 612 3115 composuerim.
657 3034 692 3097 ln
717 3019 830 3115 quibus
852 3035 878 3098 si
899 3053 962 3116 qua
983 3054 1062 3101 nova
1083 3039 1206 3117 aperui,
1232 3037 1326 3101 dubia

159 3143 295 3224 firmavi,
324 3161 362 3207 ea
388 3141 537 3207 benevolo
566 3142 658 3208 iudici
688 3142 886 3221 commendo,
917 3142 1015 3207 sicubi
1044 3144 1074 3207 in
1103 3143 1214 3208 falsam
1244 3145 1325 3208 viam

159 3267 381 3332 nonnunquam
409 3250 571 3331 deerravi,
614 3267 750 3314 errorem
781 3249 938 3330 corrigent
970 3249 1024 3331 qui
1050 3250 1109 3315 hac
1135 3252 1166 3315 in
1193 3251 1326 3316 materia

159 3358 278 3423 versari
300 3375 362 3421 non
386 3357 649 3439 dedignabuntur.

231 3553 256 3621 1)
277 3552 404 3608 Ceterum
424 3552 581 3608 Dindorfius
599 3551 709 3622 scripsit
726 3551 851 3623 ου’φρόια.

230 3639 258 3710 2)
276 3638 295 3693 l.
313 3656 335 3699 o.
354 3656 381 3709 p.
400 3639 433 3693 19
452 3640 481 3694 et
499 3657 525 3711 p.
545 3639 619 3712 Περ.
