2964 4814
738 285 774 344 19

170 467 377 549 coniecturam
405 459 545 542 λαβόνθ’
571 460 639 541 quis
665 459 789 541 estqui
821 460 972 541 recipiat?
1003 460 1077 528 licet
1106 463 1210 542 elisio,
1240 482 1334 544 quarn

170 576 292 651 vocant,
319 573 349 634 in
366 569 428 634 fine
450 568 583 632 trimetri
608 584 718 631 uersus
742 566 826 630 lacta
849 567 923 631 nihil
945 567 1062 633 haheat
1097 570 1272 635 offensionis
1296 605 1336 616 -

168 680 325 744 invenitur
354 677 434 741 enirn
459 676 504 739 ita
526 673 683 737 interdum
706 674 789 753 apud
817 673 996 755 Sophoclem
1028 675 1078 757 (oi.
1104 675 1167 740 OR.
1191 681 1239 742 29.
1270 677 1332 743 OC.

172 793 217 850 17.
249 788 348 864 1164).
407 784 515 847 Nonne
553 786 657 846 autem
695 780 782 844 illurn
824 798 996 845 sermonem
1038 783 1122 863 apud
1148 783 1335 865 Aeschylum

168 910 291 973 quoque
314 889 447 955 inveniri
470 890 575 969 itaque
596 885 721 951 defendi
740 886 903 952 videmus?

130 1025 132 1029 ’
251 1016 336 1079 Haec
350 1012 446 1077 habui
469 1012 507 1075 de
530 1011 704 1091 singularis
727 1016 760 1075 et
783 1010 912 1092 pluralis
933 1011 1149 1092 discrepantiis
1171 1019 1203 1077 et
1225 1012 1298 1077 coni
1320 1049 1333 1058 -

167 1124 305 1188 sionibus
326 1139 405 1202 quae
427 1120 572 1185 dicerem.

664 1437 772 1520 chut
791 1437 835 1504 11.

194 1596 253 1679 lle
282 1593 420 1704 plurali
449 1594 489 1679 in
519 1595 636 1679 verbo
667 1595 727 1679 vel
751 1593 977 1704 pronomine
1007 1594 1299 1682 observationes

247 2050 289 2112 hc
309 2048 439 2128 primum
455 2047 577 2128 quidem
600 2048 638 2111 de
659 2048 807 2128 plurali
828 2047 1048 2112 modestiae
1067 2053 1099 2111 et
1121 2048 1159 2112 de
1181 2048 1327 2128 plurali

162 2155 385 2219 maiestatis
420 2154 592 2234 loquemur.
652 2154 753 2235 Saepe
789 2154 867 2216 enirn
911 2172 979 2216 eum
1015 2154 1099 2217 iuxta
1136 2154 1327 2233 singularem

162 2262 248 2326 verbi
283 2264 466 2341 usurpatum
505 2259 554 2340 (ci.
588 2258 750 2339 Sophoclis
786 2259 841 2328 ul.
860 2260 920 2323 598
963 2258 1007 2332 εἰς
1041 2258 1127 2341 ἡμᾶς
1154 2257 1175 2342 ἢ
1203 2261 1245 2336 ζῶ
1274 2262 1325 2338 -l

159 2376 255 2449 atque
278 2368 373 2433 etiam
397 2385 467 2431 cum
490 2385 525 2430 eo
547 2368 732 2447 permixtum
756 2366 939 2429 invenimus.
984 2365 1115 2428 Choriea
1138 2384 1192 2429 cur
1213 2366 1270 2430 hac
1293 2368 1324 2430 in

161 2493 195 2539 re
217 2473 390 2554 neglegam,
413 2491 494 2537 unus
510 2473 642 2553 quisque
658 2471 830 2552 intelleget.
876 2471 958 2551 Ergo
974 2489 1030 2551 pro
1044 2472 1143 2551 prima
1158 2472 1324 2551 singularis
1364 2453 1366 2456 Α

159 2580 247 2644 verbi
263 2597 396 2661 persona
413 2579 543 2660 pluralis
560 2579 687 2660 ponitur
707 2583 739 2643 et
755 2597 810 2659 pro
834 2576 904 2658 ἐγώ,
926 2579 1017 2659 ἐμοῦ,
1042 2579 1123 2659 ἐμοί,
1145 2579 1205 2659 ἐμέ
1223 2578 1325 2661 ἡμεῖς,

157 2687 266 2770 ἡμῶν,
288 2669 390 2769 ’ήμϊν,
420 2684 515 2768 ἡμᾶς.
566 2686 764 2762 Quinetiam
793 2704 854 2749 uno
883 2685 951 2748 loco
981 2684 1058 2765 (OR.
1081 2684 1140 2748 989
1163 2687 1243 2765 sqq.)
1266 2703 1322 2765 pro

159 2793 294 2858 secunda
315 2792 403 2857 verbi
420 2792 587 2872 singularis
602 2809 738 2873 persona
757 2791 923 2856 secundam
941 2791 1071 2871 pluralis
1092 2790 1232 2854 videmus
1256 2809 1323 2855 esse

159 2905 355 2981 usurpatam.
392 2899 550 2963 Homerus
573 2898 697 2979 quidem
726 2898 794 2979 hoc,
827 2897 864 2960 de
887 2915 947 2978 quo
970 2898 1084 2977 agitur,
1113 2897 1225 2977 plurali
1248 2914 1321 2959 raro

159 3023 234 3070 usus
264 3011 325 3070 est:
354 3005 482 3085 pluralis
511 3004 681 3069 modestiae
712 3004 885 3084 exemplum
915 3002 1011 3067 habes
1042 3003 1101 3068 Od.
1132 3003 1260 3066 111562
1290 3003 1321 3065 in

159 3111 257 3175 Ulixis
286 3112 324 3175 ad
349 3112 472 3175 Aiacem
501 3111 643 3176 oratione
673 3111 836 3174 mitissima
858 3110 929 3173 αλλ’
951 3104 1009 3189 ἄγε
1030 3109 1137 3189 δεῦρο,
1163 3103 1259 3186 ἄναξ,
1282 3105 1323 3170 ἵν’

157 3219 236 3291 ἔπος
255 3219 307 3280 καὶ
331 3219 443 3298 μῦθον
464 3215 605 3300 α’κούσης
626 3216 801 3303 ἡμέτερονς
823 3216 953 3297 pluralis
969 3216 1141 3280 maiestatis
1163 3216 1196 3278 ll.
1220 3237 1247 3278 ν.
1261 3218 1319 3276 257

155 3322 283 3406 (ἔγχος)
304 3323 344 3389 τό
365 3347 404 3387 νυ
426 3325 487 3405 γοὲρ
508 3325 732 3406 κατεάξαμεν,
762 3323 780 3385 ὃ
807 3323 886 3406 πρὶν
917 3325 1062 3402 ἔχεσκον.
1101 3321 1160 3386 Od.
1181 3321 1238 3385 XV
1261 3325 1322 3384 224

155 3431 275 3510 Iupiter
303 3431 342 3494 ad
371 3431 562 3511 Apollinem:
593 3430 794 3512 ἀλευάμενος
823 3431 876 3507 (sc.
899 3429 1077 3509 Neptunus)
1099 3425 1197 3507 χόλον
1218 3427 1321 3491 αἰπύν

152 3535 310 3619 ἡμέτερον
331 3537 403 3600 XVI
427 3542 484 3602 441
518 3540 559 3613 (u.
583 3542 645 3600 434
672 3537 733 3623 τὴν
754 3537 784 3599 δ’
806 3526 877 3599 αὖτ’
893 3533 1096 3618 Εὐρύμαχος,
1118 3569 1175 3614 -,
1205 3533 1319 3596 οἷντίον

153 3637 241 3726 ηὔδα
255 3643 304 3723 -)
326 3634 416 3729 αἶψα
434 3643 465 3707 οἱ
483 3631 568 3725 αἷμα
587 3643 737 3706 κελαινόν
748 3642 885 3726 ἐρωήσει
906 3643 981 3725 περὶ
1004 3642 1095 3724 δουρὶ
1112 3640 1256 3726 ἦμετέρῳ
1270 3676 1317 3703 -.

152 3749 320 3814 Nonnullis
350 3750 424 3815 locis
447 3750 627 3815 Herodotus
650 3768 775 3831 quoque
804 3750 884 3815 huno
913 3748 1064 3830 pluralem
1097 3745 1250 3821 exhihuit;
1281 3749 1317 3808 ut

153 3857 168 3919 l
199 3861 236 3919 37
261 3846 297 3919 ‘o
319 3855 443 3939 πάτερ,
471 3859 514 3919 τοὶ
535 3857 695 3922 κάλλιστα
725 3855 891 3939 πρότερόν
920 3878 993 3918 κοτε
1021 3855 1076 3916 καὶ
1103 3850 1316 3934 γενναιότατα

138 3947 231 4047 Ιἡμῖν
251 3952 293 4024 ν’νν
315 3964 346 4036 ἔς
367 3986 403 4024 τε
432 3964 593 4046 πολέμους
620 3964 674 4026 καὶ
701 3964 733 4036 ἐς
760 3957 860 4046 ἄγρας
890 3969 1077 4044 φοιτέοντας
1107 3958 1315 4041 εὐδοκιμέειν.

154 4072 212 4132 νῦν
232 4070 270 4132 δὲ
291 4068 487 4152 ἀμφοτέρων·
507 4092 549 4152 με·
570 4069 695 4133 τούτων
716 4070 919 4152 α’ποκληίσας
941 4070 1038 4147 ἔχεις,
1063 4060 1139 4129 οὔτε
1158 4065 1231 4128 τινα
1253 4064 1316 4126 δεο-

476 4188 479 4192 1
1085 4169 1124 4224 2.
