<?xml version="1.0" encoding="UTF-8"?>
<!DOCTYPE html PUBLIC "-//W3C//DTD XHTML 1.0 Transitional//EN"
    "http://www.w3.org/TR/xhtml1/DTD/xhtml1-transitional.dtd">
<html xmlns="http://www.w3.org/1999/xhtml" xml:lang="en" lang="en">
 <head>
  <title>
</title>
<meta http-equiv="Content-Type" content="text/html;charset=utf-8" />
  <meta name='ocr-system' content='tesseract 3.04.00' />
  <meta name='ocr-capabilities' content='ocr_page ocr_carea ocr_par ocr_line ocrx_word'/>
</head>
<body>
  <div class='ocr_page' id='page_1' title='image "./deusunumeriplur00volpgoog_0037.png"; bbox 0 0 2964 4814; ppageno 0'>
   <div class='ocr_carea' id='block_1_1' title="bbox 730 285 770 348">
    <p class='ocr_par' dir='ltr' id='par_1_1' title="bbox 730 285 770 348">
     <span class='ocr_line' id='line_1_1' title="bbox 730 285 770 348; baseline 0.05 -2"><span class='ocrx_word' id='word_1_1' title='bbox 730 285 770 348; x_wconf 88' lang='grc'>30</span> 
     </span>
    </p>
   </div>
   <div class='ocr_carea' id='block_1_2' title="bbox 114 459 1335 1182">
    <p class='ocr_par' dir='ltr' id='par_1_2' title="bbox 114 459 1335 1182">
     <span class='ocr_line' id='line_1_2' title="bbox 166 459 1334 543; baseline 0 -17"><span class='ocrx_word' id='word_1_2' title='bbox 166 459 398 543; x_wconf 81' lang='lat' dir='ltr'>Chrysothemis</span> <span class='ocrx_word' id='word_1_3' title='bbox 421 467 485 526; x_wconf 93' lang='lat' dir='ltr'>tum</span> <span class='ocrx_word' id='word_1_4' title='bbox 508 462 545 524; x_wconf 88' lang='lat' dir='ltr'>de</span> <span class='ocrx_word' id='word_1_5' title='bbox 575 461 711 525; x_wconf 90' lang='lat' dir='ltr'>adventu</span> <span class='ocrx_word' id='word_1_6' title='bbox 728 461 849 526; x_wconf 89' lang='lat' dir='ltr'>Orestis</span> <span class='ocrx_word' id='word_1_7' title='bbox 873 460 948 525; x_wconf 83' lang='lat' dir='ltr'>nihil</span> <span class='ocrx_word' id='word_1_8' title='bbox 971 462 1095 526; x_wconf 92' lang='lat' dir='ltr'>omnino</span> <span class='ocrx_word' id='word_1_9' title='bbox 1117 463 1195 526; x_wconf 85' lang='lat' dir='ltr'>scire</span> <span class='ocrx_word' id='word_1_10' title='bbox 1219 461 1334 540; x_wconf 76' lang='lat' dir='ltr'>debuit,</span> 
     </span>
     <span class='ocr_line' id='line_1_3' title="bbox 165 568 1335 650; baseline -0.001 -18"><span class='ocrx_word' id='word_1_11' title='bbox 165 570 195 633; x_wconf 95' lang='lat' dir='ltr'>id</span> <span class='ocrx_word' id='word_1_12' title='bbox 218 570 303 650; x_wconf 89' lang='lat' dir='ltr'>quod</span> <span class='ocrx_word' id='word_1_13' title='bbox 326 588 414 633; x_wconf 92' lang='lat' dir='ltr'>nemo</span> <span class='ocrx_word' id='word_1_14' title='bbox 437 569 573 649; x_wconf 77' lang='lat' dir='ltr'><strong>negabit.</strong></span> <span class='ocrx_word' id='word_1_15' title='bbox 605 569 646 632; x_wconf 81' lang='lat' dir='ltr'>llt</span> <span class='ocrx_word' id='word_1_16' title='bbox 666 587 791 633; x_wconf 89' lang='lat' dir='ltr'>revera</span> <span class='ocrx_word' id='word_1_17' title='bbox 809 568 883 631; x_wconf 90' lang='lat' dir='ltr'>nihil</span> <span class='ocrx_word' id='word_1_18' title='bbox 902 569 928 631; x_wconf 81' lang='lat' dir='ltr'>ei</span> <span class='ocrx_word' id='word_1_19' title='bbox 949 570 987 632; x_wconf 91' lang='lat' dir='ltr'>de</span> <span class='ocrx_word' id='word_1_20' title='bbox 1002 568 1060 633; x_wconf 88' lang='lat' dir='ltr'>hac</span> <span class='ocrx_word' id='word_1_21' title='bbox 1078 588 1110 632; x_wconf 92' lang='lat' dir='ltr'>re</span> <span class='ocrx_word' id='word_1_22' title='bbox 1127 574 1196 632; x_wconf 86' lang='lat' dir='ltr'>erat</span> <span class='ocrx_word' id='word_1_23' title='bbox 1217 576 1335 649; x_wconf 82' lang='lat' dir='ltr'>notum,</span> 
     </span>
     <span class='ocr_line' id='line_1_4' title="bbox 163 675 1333 758; baseline -0.001 -19"><span class='ocrx_word' id='word_1_24' title='bbox 163 676 208 739; x_wconf 88' lang='lat' dir='ltr'>ita</span> <span class='ocrx_word' id='word_1_25' title='bbox 230 682 266 740; x_wconf 92' lang='lat' dir='ltr'>ut</span> <span class='ocrx_word' id='word_1_26' title='bbox 288 675 404 756; x_wconf 91' lang='lat' dir='ltr'>optime</span> <span class='ocrx_word' id='word_1_27' title='bbox 419 676 533 740; x_wconf 89' lang='lat' dir='ltr'>chorus</span> <span class='ocrx_word' id='word_1_28' title='bbox 555 676 608 740; x_wconf 92' lang='lat' dir='ltr'>illa</span> <span class='ocrx_word' id='word_1_29' title='bbox 630 675 725 740; x_wconf 90' lang='lat' dir='ltr'>verba</span> <span class='ocrx_word' id='word_1_30' title='bbox 744 676 876 758; x_wconf 69' lang='lat' dir='ltr'>(ailad)</span> <span class='ocrx_word' id='word_1_31' title='bbox 895 677 1020 741; x_wconf 88' lang='lat' dir='ltr'>diceret.</span> <span class='ocrx_word' id='word_1_32' title='bbox 1052 678 1192 757; x_wconf 89' lang='lat' dir='ltr'>Denique</span> <span class='ocrx_word' id='word_1_33' title='bbox 1205 676 1333 740; x_wconf 79' lang='lat' dir='ltr'>Electra</span> 
     </span>
     <span class='ocr_line' id='line_1_5' title="bbox 164 781 1330 863; baseline -0.003 -15"><span class='ocrx_word' id='word_1_34' title='bbox 164 800 269 848; x_wconf 87' lang='lat' dir='ltr'>coram</span> <span class='ocrx_word' id='word_1_35' title='bbox 300 781 556 862; x_wconf 88' lang='lat' dir='ltr'>Chrysothemide</span> <span class='ocrx_word' id='word_1_36' title='bbox 585 801 624 844; x_wconf 92' lang='lat' dir='ltr'>ne</span> <span class='ocrx_word' id='word_1_37' title='bbox 652 781 682 845; x_wconf 92' lang='lat' dir='ltr'>in</span> <span class='ocrx_word' id='word_1_38' title='bbox 714 783 766 846; x_wconf 94' lang='lat' dir='ltr'>illo</span> <span class='ocrx_word' id='word_1_39' title='bbox 795 783 918 862; x_wconf 90' lang='lat' dir='ltr'>quidem</span> <span class='ocrx_word' id='word_1_40' title='bbox 947 801 1041 847; x_wconf 90' lang='lat' dir='ltr'>versu</span> <span class='ocrx_word' id='word_1_41' title='bbox 1073 787 1131 847; x_wconf 82' lang='lat'>399</span> <span class='ocrx_word' id='word_1_42' title='bbox 1160 782 1330 863; x_wconf 85' lang='lat' dir='ltr'>quidquam</span> 
     </span>
     <span class='ocr_line' id='line_1_6' title="bbox 163 888 1331 970; baseline -0.002 -17"><span class='ocrx_word' id='word_1_43' title='bbox 163 890 242 954; x_wconf 91' lang='lat' dir='ltr'>certi</span> <span class='ocrx_word' id='word_1_44' title='bbox 270 896 328 952; x_wconf 92' lang='lat' dir='ltr'>aut</span> <span class='ocrx_word' id='word_1_45' title='bbox 355 888 513 970; x_wconf 89' lang='lat' dir='ltr'>perspicui</span> <span class='ocrx_word' id='word_1_46' title='bbox 544 889 582 952; x_wconf 92' lang='lat' dir='ltr'>de</span> <span class='ocrx_word' id='word_1_47' title='bbox 612 888 712 952; x_wconf 85' lang='lat' dir='ltr'>fratre</span> <span class='ocrx_word' id='word_1_48' title='bbox 731 890 894 953; x_wconf 88' lang='lat' dir='ltr'>enuntiare</span> <span class='ocrx_word' id='word_1_49' title='bbox 916 889 1030 954; x_wconf 81' lang='lat' dir='ltr'>debuit.</span> <span class='ocrx_word' id='word_1_50' title='bbox 1073 889 1158 970; x_wconf 85' lang='lat' dir='ltr'>Ergo</span> <span class='ocrx_word' id='word_1_51' title='bbox 1184 889 1241 952; x_wconf 92' lang='lat' dir='ltr'>hoe</span> <span class='ocrx_word' id='word_1_52' title='bbox 1263 888 1331 952; x_wconf 91' lang='lat' dir='ltr'>loeo</span> 
     </span>
     <span class='ocr_line' id='line_1_7' title="bbox 163 995 1333 1077; baseline 0.001 -19"><span class='ocrx_word' id='word_1_53' title='bbox 163 996 288 1060; x_wconf 76' lang='lat' dir='ltr'>Electra</span> <span class='ocrx_word' id='word_1_54' title='bbox 318 995 429 1076; x_wconf 83' lang='lat' dir='ltr'>plurali</span> <span class='ocrx_word' id='word_1_55' title='bbox 464 995 517 1059; x_wconf 94' lang='lat' dir='ltr'>illo</span> <span class='ocrx_word' id='word_1_56' title='bbox 549 995 588 1059; x_wconf 91' lang='lat' dir='ltr'>de</span> <span class='ocrx_word' id='word_1_57' title='bbox 618 1013 679 1076; x_wconf 92' lang='lat' dir='ltr'>qno</span> <span class='ocrx_word' id='word_1_58' title='bbox 713 995 897 1076; x_wconf 90' lang='lat' dir='ltr'>disputatur</span> <span class='ocrx_word' id='word_1_59' title='bbox 929 1000 1029 1060; x_wconf 91' lang='lat' dir='ltr'>semet</span> <span class='ocrx_word' id='word_1_60' title='bbox 1057 996 1158 1077; x_wconf 87' lang='lat' dir='ltr'>ipsam</span> <span class='ocrx_word' id='word_1_61' title='bbox 1194 996 1333 1060; x_wconf 89' lang='lat' dir='ltr'>indicans</span> 
     </span>
     <span class='ocr_line' id='line_1_8' title="bbox 114 1084 1332 1182; baseline -0.001 -15"><span class='ocrx_word' id='word_1_62' title='bbox 114 1133 117 1140; x_wconf 55' lang='grc'><strong>’</strong></span> <span class='ocrx_word' id='word_1_63' title='bbox 163 1103 305 1167; x_wconf 86' lang='lat' dir='ltr'>Orestem</span> <span class='ocrx_word' id='word_1_64' title='bbox 329 1102 418 1166; x_wconf 90' lang='lat' dir='ltr'>simul</span> <span class='ocrx_word' id='word_1_65' title='bbox 442 1101 601 1180; x_wconf 86' lang='lat' dir='ltr'>indicavit,</span> <span class='ocrx_word' id='word_1_66' title='bbox 629 1102 682 1182; x_wconf 91' lang='lat' dir='ltr'>qui</span> <span class='ocrx_word' id='word_1_67' title='bbox 711 1107 746 1166; x_wconf 94' lang='lat' dir='ltr'>ut</span> <span class='ocrx_word' id='word_1_68' title='bbox 766 1101 857 1166; x_wconf 91' lang='lat' dir='ltr'>abest</span> <span class='ocrx_word' id='word_1_69' title='bbox 885 1103 927 1165; x_wconf 91' lang='lat' dir='ltr'>ita</span> <span class='ocrx_word' id='word_1_70' title='bbox 948 1084 1102 1166; x_wconf 42' lang='lat' dir='ltr'>in‘mente</span> <span class='ocrx_word' id='word_1_71' title='bbox 1123 1102 1189 1166; x_wconf 92' lang='lat' dir='ltr'>eius</span> <span class='ocrx_word' id='word_1_72' title='bbox 1211 1101 1332 1166; x_wconf 91' lang='lat' dir='ltr'>haeret.</span> 
     </span>
    </p>
   </div>
   <div class='ocr_carea' id='block_1_3' title="bbox 152 1231 1331 3980">
    <p class='ocr_par' dir='ltr' id='par_1_3' title="bbox 152 1231 1331 3980">
     <span class='ocr_line' id='line_1_9' title="bbox 245 1231 1330 1313; baseline 0 -16"><span class='ocrx_word' id='word_1_73' title='bbox 245 1233 364 1297; x_wconf 82' lang='lat' dir='ltr'>Vereor</span> <span class='ocrx_word' id='word_1_74' title='bbox 386 1250 425 1296; x_wconf 90' lang='lat' dir='ltr'>nc</span> <span class='ocrx_word' id='word_1_75' title='bbox 447 1231 595 1296; x_wconf 87' lang='lat' dir='ltr'>molestus</span> <span class='ocrx_word' id='word_1_76' title='bbox 616 1231 728 1297; x_wconf 89' lang='lat' dir='ltr'>fuerim</span> <span class='ocrx_word' id='word_1_77' title='bbox 747 1232 786 1297; x_wconf 89' lang='lat' dir='ltr'>de</span> <span class='ocrx_word' id='word_1_78' title='bbox 804 1232 861 1297; x_wconf 93' lang='lat' dir='ltr'>hoc</span> <span class='ocrx_word' id='word_1_79' title='bbox 875 1234 1014 1313; x_wconf 87' lang='lat' dir='ltr'>exemplo</span> <span class='ocrx_word' id='word_1_80' title='bbox 1031 1233 1148 1297; x_wconf 90' lang='lat' dir='ltr'>diutius</span> <span class='ocrx_word' id='word_1_81' title='bbox 1165 1233 1330 1297; x_wconf 72' lang='lat' dir='ltr'>disserena</span> 
     </span>
     <span class='ocr_line' id='line_1_10' title="bbox 162 1338 1331 1418; baseline -0.001 -15"><span class='ocrx_word' id='word_1_82' title='bbox 162 1340 281 1403; x_wconf 89' lang='lat' dir='ltr'>Eadem</span> <span class='ocrx_word' id='word_1_83' title='bbox 302 1345 407 1402; x_wconf 90' lang='lat' dir='ltr'>autern</span> <span class='ocrx_word' id='word_1_84' title='bbox 429 1356 480 1402; x_wconf 90' lang='lat' dir='ltr'>res</span> <span class='ocrx_word' id='word_1_85' title='bbox 498 1345 546 1402; x_wconf 90' lang='lat' dir='ltr'>est</span> <span class='ocrx_word' id='word_1_86' title='bbox 568 1340 598 1401; x_wconf 92' lang='lat' dir='ltr'>in</span> <span class='ocrx_word' id='word_1_87' title='bbox 621 1338 796 1418; x_wconf 89' lang='lat' dir='ltr'>pluralibus</span> <span class='ocrx_word' id='word_1_88' title='bbox 819 1339 913 1403; x_wconf 88' lang='lat' dir='ltr'>illisa</span> <span class='ocrx_word' id='word_1_89' title='bbox 936 1339 1101 1404; x_wconf 87' lang='lat' dir='ltr'>Tecmessa</span> <span class='ocrx_word' id='word_1_90' title='bbox 1124 1338 1270 1403; x_wconf 87' lang='lat' dir='ltr'>exhibitis</span> <span class='ocrx_word' id='word_1_91' title='bbox 1292 1340 1331 1402; x_wconf 94' lang='lat' dir='ltr'>Ai</span> 
     </span>
     <span class='ocr_line' id='line_1_11' title="bbox 162 1435 1331 1531; baseline -0.001 -22"><span class='ocrx_word' id='word_1_92' title='bbox 162 1452 221 1509; x_wconf 65' lang='lat' dir='ltr'>‘lia</span> <span class='ocrx_word' id='word_1_93' title='bbox 252 1445 334 1528; x_wconf 72' lang='grc' dir='ltr'><strong><em>οἷνήρ</em></strong></span> <span class='ocrx_word' id='word_1_94' title='bbox 358 1446 487 1523; x_wconf 84' lang='grc' dir='ltr'><strong><em>ἐκεῖνος,</em></strong></span> <span class='ocrx_word' id='word_1_95' title='bbox 509 1444 590 1526; x_wconf 70' lang='grc' dir='ltr'><strong><em>ἡνίκ’</em></strong></span> <span class='ocrx_word' id='word_1_96' title='bbox 615 1435 657 1531; x_wconf 72' lang='grc' dir='ltr'><strong><em>ἦν</em></strong></span> <span class='ocrx_word' id='word_1_97' title='bbox 679 1447 714 1508; x_wconf 82' lang='grc' dir='ltr'><strong><em>ἐν</em></strong></span> <span class='ocrx_word' id='word_1_98' title='bbox 735 1449 782 1526; x_wconf 78' lang='grc' dir='ltr'><strong><em>τῷ</em></strong></span> <span class='ocrx_word' id='word_1_99' title='bbox 803 1444 900 1526; x_wconf 83' lang='grc' dir='ltr'><strong><em>νόσῳ,</em></strong></span> <span class='ocrx_word' id='word_1_100' title='bbox 923 1446 1021 1519; x_wconf 71' lang='grc' dir='ltr'><strong><em>αὐτὸς</em></strong></span> <span class='ocrx_word' id='word_1_101' title='bbox 1047 1450 1110 1527; x_wconf 80' lang='grc' dir='ltr'><strong><em>μὲν</em></strong></span> <span class='ocrx_word' id='word_1_102' title='bbox 1128 1441 1225 1529; x_wconf 67' lang='grc' dir='ltr'><strong><em>ἥδεθ’</em></strong></span> <span class='ocrx_word' id='word_1_103' title='bbox 1245 1435 1331 1510; x_wconf 82' lang='grc' dir='ltr'><strong><em>οἷσιν</em></strong></span> 
     </span>
     <span class='ocr_line' id='line_1_12' title="bbox 162 1551 1329 1636; baseline 0 -21"><span class='ocrx_word' id='word_1_104' title='bbox 162 1552 258 1633; x_wconf 79' lang='grc' dir='ltr'><strong><em>εἴχετ’</em></strong></span> <span class='ocrx_word' id='word_1_105' title='bbox 279 1553 316 1614; x_wconf 83' lang='grc' dir='ltr'><strong><em>ἐν</em></strong></span> <span class='ocrx_word' id='word_1_106' title='bbox 336 1555 454 1630; x_wconf 85' lang='grc' dir='ltr'><strong><em>κακοῖς,</em></strong></span> <span class='ocrx_word' id='word_1_107' title='bbox 473 1551 559 1635; x_wconf 75' lang='grc' dir='ltr'><strong><em>ἡμᾶς</em></strong></span> <span class='ocrx_word' id='word_1_108' title='bbox 581 1552 618 1615; x_wconf 75' lang='grc' dir='ltr'>δὲ</span> <span class='ocrx_word' id='word_1_109' title='bbox 640 1553 717 1626; x_wconf 73' lang='grc' dir='ltr'><strong><em>τους</em></strong></span> <span class='ocrx_word' id='word_1_110' title='bbox 740 1556 940 1636; x_wconf 75' lang='grc' dir='ltr'><strong><em>φρονοῦντας</em></strong></span> <span class='ocrx_word' id='word_1_111' title='bbox 967 1553 1045 1634; x_wconf 73' lang='grc' dir='ltr'><strong><em>ἠνία</em></strong></span> <span class='ocrx_word' id='word_1_112' title='bbox 1065 1552 1180 1628; x_wconf 79' lang='grc' dir='ltr'><strong><em>ξυνών.</em></strong></span> <span class='ocrx_word' id='word_1_113' title='bbox 1225 1552 1329 1616; x_wconf 84' lang='lat' dir='ltr'>Verba</span> 
     </span>
     <span class='ocr_line' id='line_1_13' title="bbox 163 1659 1330 1741; baseline 0 -19"><span class='ocrx_word' id='word_1_114' title='bbox 163 1660 241 1723; x_wconf 90' lang='lat' dir='ltr'>haec</span> <span class='ocrx_word' id='word_1_115' title='bbox 259 1659 426 1722; x_wconf 89' lang='lat' dir='ltr'>Tecmessa</span> <span class='ocrx_word' id='word_1_116' title='bbox 447 1676 552 1722; x_wconf 88' lang='lat' dir='ltr'>coram</span> <span class='ocrx_word' id='word_1_117' title='bbox 577 1659 669 1723; x_wconf 90' lang='lat' dir='ltr'>choro</span> <span class='ocrx_word' id='word_1_118' title='bbox 694 1659 779 1738; x_wconf 85' lang='lat' dir='ltr'>facit,</span> <span class='ocrx_word' id='word_1_119' title='bbox 809 1661 861 1741; x_wconf 94' lang='lat' dir='ltr'>qui</span> <span class='ocrx_word' id='word_1_120' title='bbox 880 1661 1068 1740; x_wconf 80' lang='lat' dir='ltr'>duodecim1)</span> <span class='ocrx_word' id='word_1_121' title='bbox 1092 1660 1240 1724; x_wconf 88' lang='lat' dir='ltr'>militibus</span> <span class='ocrx_word' id='word_1_122' title='bbox 1258 1677 1330 1723; x_wconf 90' lang='lat' dir='ltr'>con-</span> 
     </span>
     <span class='ocr_line' id='line_1_14' title="bbox 165 1765 1329 1849; baseline 0 -21"><span class='ocrx_word' id='word_1_123' title='bbox 165 1767 282 1829; x_wconf 89' lang='lat' dir='ltr'>tinetur</span> <span class='ocrx_word' id='word_1_124' title='bbox 302 1765 352 1845; x_wconf 86' lang='lat' dir='ltr'>(cf.</span> <span class='ocrx_word' id='word_1_125' title='bbox 374 1785 403 1829; x_wconf 85' lang='lat' dir='ltr'>r.</span> <span class='ocrx_word' id='word_1_126' title='bbox 426 1767 481 1830; x_wconf 66' lang='lat'>201</span> <span class='ocrx_word' id='word_1_127' title='bbox 497 1784 564 1846; x_wconf 90' lang='lat' dir='ltr'>sqq.</span> <span class='ocrx_word' id='word_1_128' title='bbox 589 1769 649 1829; x_wconf 75' lang='grc'>348</span> <span class='ocrx_word' id='word_1_129' title='bbox 676 1783 722 1846; x_wconf 89' lang='lat' dir='ltr'>sq.</span> <span class='ocrx_word' id='word_1_130' title='bbox 744 1766 908 1849; x_wconf 83' lang='lat' dir='ltr'>aliosque).</span> <span class='ocrx_word' id='word_1_131' title='bbox 940 1766 1051 1830; x_wconf 90' lang='lat' dir='ltr'>Nonne</span> <span class='ocrx_word' id='word_1_132' title='bbox 1073 1784 1202 1846; x_wconf 88' lang='lat' dir='ltr'>prorsus</span> <span class='ocrx_word' id='word_1_133' title='bbox 1224 1767 1329 1845; x_wconf 89' lang='lat' dir='ltr'>inepte</span> 
     </span>
     <span class='ocr_line' id='line_1_15' title="bbox 159 1872 1327 1955; baseline -0.001 -19"><span class='ocrx_word' id='word_1_134' title='bbox 159 1872 246 1955; x_wconf 78' lang='grc' dir='ltr'><strong><em>ἡμᾶς</em></strong></span> <span class='ocrx_word' id='word_1_135' title='bbox 267 1872 342 1945; x_wconf 76' lang='grc' dir='ltr'><strong><em>τους</em></strong></span> <span class='ocrx_word' id='word_1_136' title='bbox 365 1875 564 1955; x_wconf 83' lang='grc' dir='ltr'><strong><em>φρονοῦντας</em></strong></span> <span class='ocrx_word' id='word_1_137' title='bbox 586 1873 626 1937; x_wconf 89' lang='lat' dir='ltr'>ad</span> <span class='ocrx_word' id='word_1_138' title='bbox 650 1873 846 1938; x_wconf 86' lang='lat' dir='ltr'>Tecmessam</span> <span class='ocrx_word' id='word_1_139' title='bbox 868 1874 964 1938; x_wconf 90' lang='lat' dir='ltr'>solam</span> <span class='ocrx_word' id='word_1_140' title='bbox 986 1874 1202 1938; x_wconf 86' lang='lat' dir='ltr'>adhiberemus</span> <span class='ocrx_word' id='word_1_141' title='bbox 1224 1873 1327 1936; x_wconf 86' lang='lat' dir='ltr'>exclu-</span> 
     </span>
     <span class='ocr_line' id='line_1_16' title="bbox 162 1980 1325 2064; baseline -0.001 -21"><span class='ocrx_word' id='word_1_142' title='bbox 162 1981 205 2044; x_wconf 89' lang='lat' dir='ltr'>sis</span> <span class='ocrx_word' id='word_1_143' title='bbox 237 1980 297 2043; x_wconf 90' lang='lat' dir='ltr'>iliis</span> <span class='ocrx_word' id='word_1_144' title='bbox 319 1980 422 2043; x_wconf 85' lang='lat' dir='ltr'>Aiacis</span> <span class='ocrx_word' id='word_1_145' title='bbox 441 1980 603 2060; x_wconf 83' lang='lat' dir='ltr'>militibus,</span> <span class='ocrx_word' id='word_1_146' title='bbox 636 1981 689 2064; x_wconf 92' lang='lat' dir='ltr'>qui</span> <span class='ocrx_word' id='word_1_147' title='bbox 718 1980 852 2043; x_wconf 89' lang='lat' dir='ltr'>aderant</span> <span class='ocrx_word' id='word_1_148' title='bbox 883 1988 914 2043; x_wconf 89' lang='lat' dir='ltr'>et</span> <span class='ocrx_word' id='word_1_149' title='bbox 947 2000 965 2044; x_wconf 91' lang='lat' dir='ltr'>a</span> <span class='ocrx_word' id='word_1_150' title='bbox 995 1980 1118 2045; x_wconf 89' lang='lat' dir='ltr'>furente</span> <span class='ocrx_word' id='word_1_151' title='bbox 1140 1980 1235 2044; x_wconf 85' lang='lat' dir='ltr'>Aiace</span> <span class='ocrx_word' id='word_1_152' title='bbox 1265 1997 1325 2042; x_wconf 93' lang='lat' dir='ltr'>non</span> 
     </span>
     <span class='ocr_line' id='line_1_17' title="bbox 161 2087 1325 2168; baseline 0 -20"><span class='ocrx_word' id='word_1_153' title='bbox 161 2087 261 2151; x_wconf 92' lang='lat' dir='ltr'>minus</span> <span class='ocrx_word' id='word_1_154' title='bbox 274 2087 470 2151; x_wconf 83' lang='lat' dir='ltr'>vexabantur</span> <span class='ocrx_word' id='word_1_155' title='bbox 484 2104 577 2167; x_wconf 91' lang='lat' dir='ltr'>quam</span> <span class='ocrx_word' id='word_1_156' title='bbox 597 2087 663 2150; x_wconf 91' lang='lat' dir='ltr'>eins</span> <span class='ocrx_word' id='word_1_157' title='bbox 678 2087 815 2150; x_wconf 75' lang='lat' dir='ltr'>mulier?</span> <span class='ocrx_word' id='word_1_158' title='bbox 839 2087 921 2150; x_wconf 83' lang='lat' dir='ltr'>idem</span> <span class='ocrx_word' id='word_1_159' title='bbox 940 2106 1032 2168; x_wconf 92' lang='lat' dir='ltr'>porro</span> <span class='ocrx_word' id='word_1_160' title='bbox 1048 2087 1121 2150; x_wconf 92' lang='lat' dir='ltr'>mihi</span> <span class='ocrx_word' id='word_1_161' title='bbox 1142 2088 1171 2150; x_wconf 96' lang='lat' dir='ltr'>in</span> <span class='ocrx_word' id='word_1_162' title='bbox 1187 2087 1325 2151; x_wconf 88' lang='lat' dir='ltr'>eiusdem</span> 
     </span>
     <span class='ocr_line' id='line_1_18' title="bbox 160 2189 1328 2279; baseline -0.001 -22"><span class='ocrx_word' id='word_1_163' title='bbox 160 2193 255 2257; x_wconf 87' lang='lat' dir='ltr'>verba</span> <span class='ocrx_word' id='word_1_164' title='bbox 271 2193 455 2257; x_wconf 88' lang='lat' dir='ltr'>Tecmessae</span> <span class='ocrx_word' id='word_1_165' title='bbox 477 2193 588 2258; x_wconf 90' lang='lat' dir='ltr'>cadere</span> <span class='ocrx_word' id='word_1_166' title='bbox 609 2193 740 2270; x_wconf 83' lang='lat' dir='ltr'>videtur,</span> <span class='ocrx_word' id='word_1_167' title='bbox 761 2211 841 2273; x_wconf 89' lang='lat' dir='ltr'>quae</span> <span class='ocrx_word' id='word_1_168' title='bbox 861 2193 937 2272; x_wconf 83' lang='lat' dir='ltr'>legis</span> <span class='ocrx_word' id='word_1_169' title='bbox 957 2212 1047 2257; x_wconf 88' lang='lat' dir='ltr'>versu</span> <span class='ocrx_word' id='word_1_170' title='bbox 1069 2195 1148 2257; x_wconf 81' lang='lat'>269:</span> <span class='ocrx_word' id='word_1_171' title='bbox 1168 2193 1261 2279; x_wconf 72' lang='grc' dir='ltr'><strong><em>ἡμεῖς</em></strong></span> <span class='ocrx_word' id='word_1_172' title='bbox 1275 2189 1328 2274; x_wconf 77' lang='grc' dir='ltr'>ἄρ’</span> 
     </span>
     <span class='ocr_line' id='line_1_19' title="bbox 158 2298 1326 2382; baseline 0.002 -20"><span class='ocrx_word' id='word_1_173' title='bbox 158 2299 197 2363; x_wconf 78' lang='grc' dir='ltr'>ου’</span> <span class='ocrx_word' id='word_1_174' title='bbox 217 2303 387 2374; x_wconf 73' lang='grc' dir='ltr'><strong><em>νοσοῦντες</em></strong></span> <span class='ocrx_word' id='word_1_175' title='bbox 403 2298 590 2382; x_wconf 60' lang='lat' dir='ltr'>nemeaea</span> <span class='ocrx_word' id='word_1_176' title='bbox 604 2302 673 2364; x_wconf 77' lang='grc' dir='ltr'><strong><em>νῦν.</em></strong></span> <span class='ocrx_word' id='word_1_177' title='bbox 701 2299 770 2364; x_wconf 90' lang='lat' dir='ltr'>Huc</span> <span class='ocrx_word' id='word_1_178' title='bbox 786 2305 909 2380; x_wconf 89' lang='lat' dir='ltr'>spectat</span> <span class='ocrx_word' id='word_1_179' title='bbox 931 2301 1024 2364; x_wconf 90' lang='lat' dir='ltr'>etiam</span> <span class='ocrx_word' id='word_1_180' title='bbox 1048 2300 1122 2365; x_wconf 84' lang='lat' dir='ltr'>Cho.</span> <span class='ocrx_word' id='word_1_181' title='bbox 1135 2303 1249 2381; x_wconf 83' lang='lat' dir='ltr'>712sq,</span> <span class='ocrx_word' id='word_1_182' title='bbox 1273 2301 1326 2364; x_wconf 92' lang='lat' dir='ltr'>ubi</span> 
     </span>
     <span class='ocr_line' id='line_1_20' title="bbox 158 2406 1326 2490; baseline -0.002 -19"><span class='ocrx_word' id='word_1_183' title='bbox 158 2407 386 2487; x_wconf 80' lang='lat' dir='ltr'>Clytaemestra</span> <span class='ocrx_word' id='word_1_184' title='bbox 416 2407 508 2490; x_wconf 74' lang='grc' dir='ltr'><strong><em>ἡμεῖς</em></strong></span> <span class='ocrx_word' id='word_1_185' title='bbox 538 2407 585 2486; x_wconf 77' lang='grc' dir='ltr'>δὲ,</span> <span class='ocrx_word' id='word_1_186' title='bbox 617 2407 727 2487; x_wconf 88' lang='lat' dir='ltr'>inquit,</span> <span class='ocrx_word' id='word_1_187' title='bbox 753 2410 859 2469; x_wconf 84' lang='grc' dir='ltr'><strong><em>ταῦτα</em></strong></span> <span class='ocrx_word' id='word_1_188' title='bbox 888 2410 956 2481; x_wconf 84' lang='grc' dir='ltr'><strong><em>τοῖς</em></strong></span> <span class='ocrx_word' id='word_1_189' title='bbox 982 2410 1137 2488; x_wconf 84' lang='grc' dir='ltr'><strong><em>κρατοῦσι</em></strong></span> <span class='ocrx_word' id='word_1_190' title='bbox 1164 2406 1326 2489; x_wconf 77' lang='grc' dir='ltr'>δωμάτων·</span> 
     </span>
     <span class='ocr_line' id='line_1_21' title="bbox 157 2511 1325 2596; baseline -0.001 -20"><span class='ocrx_word' id='word_1_191' title='bbox 157 2511 356 2595; x_wconf 76' lang='grc' dir='ltr'><strong><em>κοινώσομέν</em></strong></span> <span class='ocrx_word' id='word_1_192' title='bbox 384 2538 420 2576; x_wconf 88' lang='grc' dir='ltr'><strong><em>τε</em></strong></span> <span class='ocrx_word' id='word_1_193' title='bbox 457 2513 515 2578; x_wconf 77' lang='grc' dir='ltr'><em>κού</em></span> <span class='ocrx_word' id='word_1_194' title='bbox 545 2517 756 2591; x_wconf 74' lang='grc' dir='ltr'><strong><em>σπανίζοντες</em></strong></span> <span class='ocrx_word' id='word_1_195' title='bbox 785 2514 889 2595; x_wconf 80' lang='grc' dir='ltr'><strong><em>φίλων</em></strong></span> <span class='ocrx_word' id='word_1_196' title='bbox 919 2512 1195 2596; x_wconf 68' lang='grc' dir='ltr'><strong><em>βουλευσόμεσθα</em></strong></span> <span class='ocrx_word' id='word_1_197' title='bbox 1223 2514 1325 2596; x_wconf 80' lang='grc' dir='ltr'><strong><em>τῆσδε</em></strong></span> 
     </span>
     <span class='ocr_line' id='line_1_22' title="bbox 158 2618 1322 2706; baseline -0.003 -21"><span class='ocrx_word' id='word_1_198' title='bbox 158 2623 325 2703; x_wconf 76' lang='grc' dir='ltr'><strong><em>συμφοραῖς</em></strong></span> <span class='ocrx_word' id='word_1_199' title='bbox 355 2629 439 2702; x_wconf 69' lang='grc' dir='ltr'><strong><em>περι.</em></strong></span> <span class='ocrx_word' id='word_1_200' title='bbox 484 2620 564 2684; x_wconf 89' lang='lat' dir='ltr'>Nam</span> <span class='ocrx_word' id='word_1_201' title='bbox 595 2627 630 2685; x_wconf 86' lang='lat' dir='ltr'>ut</span> <span class='ocrx_word' id='word_1_202' title='bbox 662 2620 720 2685; x_wconf 85' lang='lat' dir='ltr'>sub</span> <span class='ocrx_word' id='word_1_203' title='bbox 749 2618 1100 2706; x_wconf 75' lang='grc' dir='ltr'><strong><em>ἡμεῖς-κοινώσομεν</em></strong></span> <span class='ocrx_word' id='word_1_204' title='bbox 1129 2640 1189 2684; x_wconf 88' lang='lat' dir='ltr'>non</span> <span class='ocrx_word' id='word_1_205' title='bbox 1221 2621 1322 2685; x_wconf 87' lang='lat' dir='ltr'>solum</span> 
     </span>
     <span class='ocr_line' id='line_1_23' title="bbox 157 2727 1325 2811; baseline -0.002 -19"><span class='ocrx_word' id='word_1_206' title='bbox 157 2727 385 2811; x_wconf 86' lang='lat' dir='ltr'>Clytaemestra</span> <span class='ocrx_word' id='word_1_207' title='bbox 413 2728 468 2792; x_wconf 92' lang='lat' dir='ltr'>sed</span> <span class='ocrx_word' id='word_1_208' title='bbox 491 2729 586 2792; x_wconf 87' lang='lat' dir='ltr'>etiam</span> <span class='ocrx_word' id='word_1_209' title='bbox 609 2727 661 2791; x_wconf 89' lang='lat' dir='ltr'>alii</span> <span class='ocrx_word' id='word_1_210' title='bbox 683 2727 821 2806; x_wconf 82' lang='lat' dir='ltr'>intellegi</span> <span class='ocrx_word' id='word_1_211' title='bbox 844 2735 993 2809; x_wconf 87' lang='lat' dir='ltr'>possunt,</span> <span class='ocrx_word' id='word_1_212' title='bbox 1015 2729 1060 2792; x_wconf 91' lang='lat' dir='ltr'>ita</span> <span class='ocrx_word' id='word_1_213' title='bbox 1082 2731 1149 2801; x_wconf 84' lang='grc' dir='ltr'><strong><em>τοῖς</em></strong></span> <span class='ocrx_word' id='word_1_214' title='bbox 1170 2729 1325 2808; x_wconf 80' lang='grc' dir='ltr'><strong><em>κρατοῦσι</em></strong></span> 
     </span>
     <span class='ocr_line' id='line_1_24' title="bbox 157 2833 1323 2915; baseline 0 -19"><span class='ocrx_word' id='word_1_215' title='bbox 157 2833 319 2915; x_wconf 75' lang='grc' dir='ltr'><strong><em>δωμάτων</em></strong></span> <span class='ocrx_word' id='word_1_216' title='bbox 354 2834 407 2898; x_wconf 88' lang='lat' dir='ltr'>illa</span> <span class='ocrx_word' id='word_1_217' title='bbox 429 2833 612 2915; x_wconf 85' lang='lat' dir='ltr'>Aegisthum</span> <span class='ocrx_word' id='word_1_218' title='bbox 643 2834 794 2913; x_wconf 89' lang='lat' dir='ltr'>imprimis</span> <span class='ocrx_word' id='word_1_219' title='bbox 830 2833 1000 2914; x_wconf 83' lang='lat' dir='ltr'>siguificat,</span> <span class='ocrx_word' id='word_1_220' title='bbox 1041 2853 1131 2914; x_wconf 89' lang='lat' dir='ltr'>quem</span> <span class='ocrx_word' id='word_1_221' title='bbox 1161 2834 1323 2915; x_wconf 89' lang='lat' dir='ltr'>participio</span> 
     </span>
     <span class='ocr_line' id='line_1_25' title="bbox 158 2940 1319 3021; baseline -0.002 -17"><span class='ocrx_word' id='word_1_222' title='bbox 158 2944 368 3018; x_wconf 84' lang='grc' dir='ltr'><strong><em>σπανίζοντες</em></strong></span> <span class='ocrx_word' id='word_1_223' title='bbox 401 2959 462 3005; x_wconf 90' lang='lat' dir='ltr'>una</span> <span class='ocrx_word' id='word_1_224' title='bbox 492 2959 559 3005; x_wconf 89' lang='lat' dir='ltr'>eum</span> <span class='ocrx_word' id='word_1_225' title='bbox 588 2940 696 3020; x_wconf 85' lang='lat' dir='ltr'>regina</span> <span class='ocrx_word' id='word_1_226' title='bbox 723 2940 783 3005; x_wconf 93' lang='lat' dir='ltr'>dici</span> <span class='ocrx_word' id='word_1_227' title='bbox 807 2941 1005 3021; x_wconf 90' lang='lat' dir='ltr'>perspicuum</span> <span class='ocrx_word' id='word_1_228' title='bbox 1034 2946 1090 3004; x_wconf 84' lang='lat' dir='ltr'>est.</span> <span class='ocrx_word' id='word_1_229' title='bbox 1129 2940 1319 3004; x_wconf 90' lang='lat' dir='ltr'>Vertendum</span> 
     </span>
     <span class='ocr_line' id='line_1_26' title="bbox 156 3044 1322 3127; baseline -0.003 -16"><span class='ocrx_word' id='word_1_230' title='bbox 156 3047 320 3127; x_wconf 80' lang='lat' dir='ltr'>igiturest</span> <span class='ocrx_word' id='word_1_231' title='bbox 344 3047 512 3112; x_wconf 89' lang='lat' dir='ltr'>vernacula</span> <span class='ocrx_word' id='word_1_232' title='bbox 533 3047 670 3125; x_wconf 83' lang='lat' dir='ltr'>bagua:-</span> <span class='ocrx_word' id='word_1_233' title='bbox 690 3046 772 3110; x_wconf 75' lang='lat' dir='ltr'>»und</span> <span class='ocrx_word' id='word_1_234' title='bbox 803 3047 888 3110; x_wconf 89' lang='lat' dir='ltr'>daun</span> <span class='ocrx_word' id='word_1_235' title='bbox 915 3046 1025 3110; x_wconf 89' lang='lat' dir='ltr'>nollen</span> <span class='ocrx_word' id='word_1_236' title='bbox 1049 3046 1113 3126; x_wconf 88' lang='lat' dir='ltr'>wir,</span> <span class='ocrx_word' id='word_1_237' title='bbox 1145 3044 1245 3110; x_wconf 90' lang='lat' dir='ltr'>haben</span> <span class='ocrx_word' id='word_1_238' title='bbox 1265 3046 1322 3108; x_wconf 90' lang='lat' dir='ltr'>nir</span> 
     </span>
     <span class='ocr_line' id='line_1_27' title="bbox 156 3151 1321 3232; baseline -0.002 -15"><span class='ocrx_word' id='word_1_239' title='bbox 156 3154 233 3218; x_wconf 91' lang='lat' dir='ltr'>doch</span> <span class='ocrx_word' id='word_1_240' title='bbox 256 3172 296 3218; x_wconf 91' lang='lat' dir='ltr'>an</span> <span class='ocrx_word' id='word_1_241' title='bbox 319 3154 484 3219; x_wconf 88' lang='lat' dir='ltr'>Freunden</span> <span class='ocrx_word' id='word_1_242' title='bbox 505 3154 617 3220; x_wconf 88' lang='lat' dir='ltr'>keinen</span> <span class='ocrx_word' id='word_1_243' title='bbox 642 3152 777 3232; x_wconf 85' lang='lat' dir='ltr'>Mangel,</span> <span class='ocrx_word' id='word_1_244' title='bbox 800 3153 857 3217; x_wconf 88' lang='lat' dir='ltr'>mit</span> <span class='ocrx_word' id='word_1_245' title='bbox 879 3152 973 3216; x_wconf 92' lang='lat' dir='ltr'>ihnen</span> <span class='ocrx_word' id='word_1_246' title='bbox 994 3153 1174 3216; x_wconf 81' lang='lat' dir='ltr'>berathen.«</span> <span class='ocrx_word' id='word_1_247' title='bbox 1216 3151 1321 3229; x_wconf 82' lang='lat' dir='ltr'>Quid?</span> 
     </span>
     <span class='ocr_line' id='line_1_28' title="bbox 155 3259 1318 3341; baseline -0.003 -17"><span class='ocrx_word' id='word_1_248' title='bbox 155 3261 277 3325; x_wconf 90' lang='lat' dir='ltr'>idemne</span> <span class='ocrx_word' id='word_1_249' title='bbox 299 3261 337 3325; x_wconf 92' lang='lat' dir='ltr'>de</span> <span class='ocrx_word' id='word_1_250' title='bbox 359 3260 430 3324; x_wconf 86' lang='lat' dir='ltr'>Tra.</span> <span class='ocrx_word' id='word_1_251' title='bbox 446 3260 586 3325; x_wconf 91' lang='lat' dir='ltr'>versibus</span> <span class='ocrx_word' id='word_1_252' title='bbox 610 3265 671 3325; x_wconf 82' lang='lat'>490</span> <span class='ocrx_word' id='word_1_253' title='bbox 681 3278 738 3341; x_wconf 92' lang='lat' dir='ltr'>sqq</span> <span class='ocrx_word' id='word_1_254' title='bbox 753 3260 978 3324; x_wconf 78' lang='lat' dir='ltr'>iudicandum?</span> <span class='ocrx_word' id='word_1_255' title='bbox 1000 3259 1046 3323; x_wconf 91' lang='lat' dir='ltr'>lbi</span> <span class='ocrx_word' id='word_1_256' title='bbox 1059 3259 1140 3323; x_wconf 92' lang='lat' dir='ltr'>enirn</span> <span class='ocrx_word' id='word_1_257' title='bbox 1156 3259 1318 3323; x_wconf 85' lang='lat' dir='ltr'>Deianira:</span> 
     </span>
     <span class='ocr_line' id='line_1_29' title="bbox 154 3355 1320 3450; baseline -0.003 -21"><span class='ocrx_word' id='word_1_258' title='bbox 154 3355 310 3447; x_wconf 74' lang='grc' dir='ltr'>α’λλόἷδε,</span> <span class='ocrx_word' id='word_1_259' title='bbox 333 3369 443 3447; x_wconf 88' lang='lat' dir='ltr'>inquit,</span> <span class='ocrx_word' id='word_1_260' title='bbox 465 3368 519 3430; x_wconf 81' lang='grc' dir='ltr'>καὶ</span> <span class='ocrx_word' id='word_1_261' title='bbox 541 3370 725 3450; x_wconf 79' lang='grc' dir='ltr'><strong><em>φρονοῦμεν</em></strong></span> <span class='ocrx_word' id='word_1_262' title='bbox 746 3363 832 3431; x_wconf 74' lang='grc' dir='ltr'><strong><em>ὥστε</em></strong></span> <span class='ocrx_word' id='word_1_263' title='bbox 852 3368 959 3428; x_wconf 76' lang='grc' dir='ltr'><strong><em>ταῦτα</em></strong></span> <span class='ocrx_word' id='word_1_264' title='bbox 975 3366 1068 3446; x_wconf 81' lang='grc' dir='ltr'><strong><em>δρᾶν,</em></strong></span> <span class='ocrx_word' id='word_1_265' title='bbox 1090 3360 1201 3429; x_wconf 79' lang='grc' dir='ltr'><strong><em>κου’τοι</em></strong></span> <span class='ocrx_word' id='word_1_266' title='bbox 1221 3364 1320 3429; x_wconf 88' lang='grc' dir='ltr'><strong><em>νόσον</em></strong></span> 
     </span>
     <span class='ocr_line' id='line_1_30' title="bbox 154 3472 1318 3557; baseline -0.003 -20"><span class='ocrx_word' id='word_1_267' title='bbox 154 3475 179 3554; x_wconf 80' lang='grc' dir='ltr'>γ’</span> <span class='ocrx_word' id='word_1_268' title='bbox 217 3475 363 3537; x_wconf 76' lang='grc' dir='ltr'><strong><em>ἔπακτον</em></strong></span> <span class='ocrx_word' id='word_1_269' title='bbox 405 3472 617 3557; x_wconf 70' lang='grc' dir='ltr'><strong><em>ἔξαρούμεθα</em></strong></span> <span class='ocrx_word' id='word_1_270' title='bbox 665 3477 776 3537; x_wconf 74' lang='grc' dir='ltr'><strong><em>θεοῖσι</em></strong></span> <span class='ocrx_word' id='word_1_271' title='bbox 818 3472 1072 3554; x_wconf 80' lang='grc' dir='ltr'><strong><em>δυσμαχοῦντες.</em></strong></span> <span class='ocrx_word' id='word_1_272' title='bbox 1130 3473 1225 3536; x_wconf 85' lang='lat' dir='ltr'>Eisne</span> <span class='ocrx_word' id='word_1_273' title='bbox 1262 3473 1318 3536; x_wconf 86' lang='lat' dir='ltr'>tibi</span> 
     </span>
     <span class='ocr_line' id='line_1_31' title="bbox 156 3579 1320 3665; baseline -0.003 -21"><span class='ocrx_word' id='word_1_274' title='bbox 156 3581 258 3645; x_wconf 91' lang='lat' dir='ltr'>verbis</span> <span class='ocrx_word' id='word_1_275' title='bbox 281 3581 334 3645; x_wconf 87' lang='lat' dir='ltr'>illa</span> <span class='ocrx_word' id='word_1_276' title='bbox 358 3581 483 3645; x_wconf 89' lang='lat' dir='ltr'>Licham</span> <span class='ocrx_word' id='word_1_277' title='bbox 507 3598 631 3661; x_wconf 90' lang='lat' dir='ltr'>qnoque</span> <span class='ocrx_word' id='word_1_278' title='bbox 652 3586 850 3665; x_wconf 89' lang='lat' dir='ltr'>praesentem</span> <span class='ocrx_word' id='word_1_279' title='bbox 870 3580 915 3643; x_wconf 90' lang='lat' dir='ltr'>ita</span> <span class='ocrx_word' id='word_1_280' title='bbox 937 3580 1101 3660; x_wconf 88' lang='lat' dir='ltr'>complecti</span> <span class='ocrx_word' id='word_1_281' title='bbox 1120 3579 1254 3658; x_wconf 89' lang='lat' dir='ltr'>videtur,</span> <span class='ocrx_word' id='word_1_282' title='bbox 1284 3584 1320 3642; x_wconf 93' lang='lat' dir='ltr'>ut</span> 
     </span>
     <span class='ocr_line' id='line_1_32' title="bbox 154 3685 1318 3769; baseline -0.002 -19"><span class='ocrx_word' id='word_1_283' title='bbox 154 3687 282 3751; x_wconf 81' lang='lat' dir='ltr'>eandem</span> <span class='ocrx_word' id='word_1_284' title='bbox 308 3707 341 3751; x_wconf 89' lang='lat' dir='ltr'>se</span> <span class='ocrx_word' id='word_1_285' title='bbox 364 3689 447 3752; x_wconf 89' lang='lat' dir='ltr'>dicat</span> <span class='ocrx_word' id='word_1_286' title='bbox 467 3688 640 3769; x_wconf 87' lang='lat' dir='ltr'>opinionem</span> <span class='ocrx_word' id='word_1_287' title='bbox 664 3685 780 3750; x_wconf 91' lang='lat' dir='ltr'>habere</span> <span class='ocrx_word' id='word_1_288' title='bbox 801 3705 869 3750; x_wconf 93' lang='lat' dir='ltr'>cum</span> <span class='ocrx_word' id='word_1_289' title='bbox 892 3687 952 3749; x_wconf 82' lang='lat' dir='ltr'>eo?</span> <span class='ocrx_word' id='word_1_290' title='bbox 982 3686 1135 3766; x_wconf 87' lang='lat' dir='ltr'>Equidem</span> <span class='ocrx_word' id='word_1_291' title='bbox 1158 3686 1261 3749; x_wconf 86' lang='lat' dir='ltr'>nescio</span> <span class='ocrx_word' id='word_1_292' title='bbox 1278 3703 1318 3748; x_wconf 89' lang='lat' dir='ltr'>an</span> 
     </span>
     <span class='ocr_line' id='line_1_33' title="bbox 152 3791 1318 3874; baseline 0 -19"><span class='ocrx_word' id='word_1_293' title='bbox 152 3791 209 3856; x_wconf 91' lang='lat' dir='ltr'>hoe</span> <span class='ocrx_word' id='word_1_294' title='bbox 238 3794 305 3857; x_wconf 89' lang='lat' dir='ltr'>loce</span> <span class='ocrx_word' id='word_1_295' title='bbox 334 3794 423 3858; x_wconf 89' lang='lat' dir='ltr'>nobis</span> <span class='ocrx_word' id='word_1_296' title='bbox 453 3795 553 3874; x_wconf 85' lang='lat' dir='ltr'>magis</span> <span class='ocrx_word' id='word_1_297' title='bbox 575 3794 701 3874; x_wconf 87' lang='lat' dir='ltr'>pluralis</span> <span class='ocrx_word' id='word_1_298' title='bbox 724 3793 899 3856; x_wconf 88' lang='lat' dir='ltr'>maiestatis</span> <span class='ocrx_word' id='word_1_299' title='bbox 927 3792 1126 3872; x_wconf 88' lang='lat' dir='ltr'>praebeatur.</span> <span class='ocrx_word' id='word_1_300' title='bbox 1168 3793 1318 3872; x_wconf 88' lang='lat' dir='ltr'>Superest</span> 
     </span>
     <span class='ocr_line' id='line_1_34' title="bbox 153 3896 1317 3980; baseline -0.003 -17"><span class='ocrx_word' id='word_1_301' title='bbox 153 3917 233 3963; x_wconf 91' lang='lat' dir='ltr'>unus</span> <span class='ocrx_word' id='word_1_302' title='bbox 248 3901 334 3965; x_wconf 89' lang='lat' dir='ltr'>iocus</span> <span class='ocrx_word' id='word_1_303' title='bbox 366 3904 438 3966; x_wconf 86' lang='lat' dir='ltr'>Ant.</span> <span class='ocrx_word' id='word_1_304' title='bbox 451 3905 520 3980; x_wconf 83' lang='lat'><strong>926,</strong></span> <span class='ocrx_word' id='word_1_305' title='bbox 543 3900 594 3965; x_wconf 92' lang='lat' dir='ltr'>ubi</span> <span class='ocrx_word' id='word_1_306' title='bbox 613 3900 744 3978; x_wconf 81' lang='lat' dir='ltr'>legimns</span> <span class='ocrx_word' id='word_1_307' title='bbox 760 3898 835 3962; x_wconf 91' lang='lat' dir='ltr'>haec</span> <span class='ocrx_word' id='word_1_308' title='bbox 850 3897 947 3962; x_wconf 88' lang='lat' dir='ltr'>verba</span> <span class='ocrx_word' id='word_1_309' title='bbox 962 3898 1154 3975; x_wconf 83' lang='lat' dir='ltr'>Antigonae:</span> <span class='ocrx_word' id='word_1_310' title='bbox 1187 3896 1317 3961; x_wconf 72' lang='lat' dir='ltr'>nadda-</span> 
     </span>
    </p>
   </div>
   <div class='ocr_carea' id='block_1_4' title="bbox 221 4093 1047 4165">
    <p class='ocr_par' dir='ltr' id='par_1_4' title="bbox 221 4093 1047 4165">
     <span class='ocr_line' id='line_1_35' title="bbox 221 4093 1047 4165; baseline -0.001 -17"><span class='ocrx_word' id='word_1_311' title='bbox 221 4095 246 4165; x_wconf 91' lang='lat' dir='ltr'>l)</span> <span class='ocrx_word' id='word_1_312' title='bbox 263 4096 297 4150; x_wconf 85' lang='lat' dir='ltr'>ei.</span> <span class='ocrx_word' id='word_1_313' title='bbox 317 4096 407 4150; x_wconf 85' lang='lat' dir='ltr'>Muffii</span> <span class='ocrx_word' id='word_1_314' title='bbox 424 4096 566 4150; x_wconf 84' lang='lat' dir='ltr'>choriache</span> <span class='ocrx_word' id='word_1_315' title='bbox 584 4095 709 4151; x_wconf 83' lang='lat' dir='ltr'>Technik</span> <span class='ocrx_word' id='word_1_316' title='bbox 727 4097 775 4150; x_wconf 85' lang='lat' dir='ltr'>des</span> <span class='ocrx_word' id='word_1_317' title='bbox 793 4093 941 4164; x_wconf 82' lang='lat' dir='ltr'>Sophocles</span> <span class='ocrx_word' id='word_1_318' title='bbox 958 4112 986 4164; x_wconf 87' lang='lat' dir='ltr'>p.</span> <span class='ocrx_word' id='word_1_319' title='bbox 1007 4096 1047 4148; x_wconf 83' lang='lat'>53.</span> 
     </span>
    </p>
   </div>
   <div class='ocr_carea' id='block_1_5' title="bbox 0 0 1486 4814">
    <p class='ocr_par' dir='ltr' id='par_1_5' title="bbox 0 0 1486 4814">
     <span class='ocr_line' id='line_1_36' title="bbox 0 0 1486 4814; baseline 0 5"><span class='ocrx_word' id='word_1_320' title='bbox 0 0 1486 4814; x_wconf 95' lang='lat' dir='ltr'> </span> 
     </span>
    </p>
   </div>
  </div>
 </body>
</html>
