2964 4814
731 274 769 334 16

159 452 325 533 principio
349 450 505 514 orationis
526 454 607 515 recte
625 453 728 529 potest
751 450 881 514 uertunt
902 449 1065 530 atrrputori
1085 471 1215 515 uctrucro
1243 453 1331 530 pout,

162 561 262 622 crcuttu
290 559 326 621 ιἰι
352 577 451 620 unum
480 555 854 637 concorrumpitur,
884 576 965 636 quoa
996 556 1110 621 deiude
1136 560 1329 638 explicatius

162 664 386 746 sipur'ficuntur
416 664 526 728 addito
556 663 683 728 nomine
716 664 812 728 etium
841 662 966 744 plurali
973 687 983 742 ;
1017 684 1080 728 ιιοιι
1104 667 1199 729 etium
1225 670 1329 746 posito

162 773 229 836 tum
257 771 385 837 nominc
411 771 536 851 plurali
572 775 681 850 aptum
710 776 756 835 cst
786 771 915 835 carlum
950 790 1012 835 ιιοιι
1040 773 1227 837 convenicus
1256 773 1331 838 duic

65 899 67 903 ¹
164 898 304 943 ιιιιοιικο.
335 913 374 924 -
405 877 502 942 Simili
524 882 628 941 autem
649 877 739 941 modo
769 876 857 941 Plato
867 875 894 958 ¹)
925 877 1050 958 scripsit
1081 879 1151 942 ἔστι
1176 887 1238 960 μέν
1264 903 1331 943 που

160 985 214 1047 καὶ
237 985 273 1047 ἐν
295 989 367 1058 ταῖς
389 981 504 1057 ἄλλοις
526 982 664 1048 πόλεσιν
686 979 839 1066 ἄρχοντές
860 1007 896 1046 τε
918 983 972 1046 καὶ
994 984 1104 1069 δῆμος,
1126 985 1211 1065 quod
1230 1003 1329 1052 exem·

161 1091 245 1171 plum
268 1097 353 1156 recte
379 1092 515 1156 vertitur
534 1108 585 1154 »es
608 1090 693 1170 giebt
716 1089 793 1154 auch
824 1091 854 1153 in
886 1090 943 1152 den
973 1090 1110 1154 anderen
1133 1093 1264 1156 Staaten
1287 1132 1327 1141 —

161 1199 251 1262 einen
275 1197 482 1263 Unterschied
504 1217 564 1262 von
581 1197 760 1262 Archonten
784 1198 845 1260 urnl
860 1197 968 1260 Volk«.
993 1196 1171 1262 Herodotus
1194 1217 1327 1281 quoque,

161 1305 247 1370 cuius
270 1323 371 1369 sermo
393 1310 429 1368 ut
451 1306 541 1369 unius
561 1325 598 1368 ex
621 1305 848 1384 antiquissimis
877 1304 998 1369 solutae
1025 1307 1176 1371 orationis
1197 1309 1328 1389 scripto·

160 1410 249 1475 ribus
268 1430 329 1476 non
352 1412 454 1492 potuit
475 1429 495 1475 a
516 1412 637 1491 poetico
657 1429 718 1475 non
741 1412 882 1492 proxime
903 1410 1027 1489 abesse,
1060 1429 1128 1476 cum
1157 1430 1254 1493 usque
1284 1414 1326 1479 ad

160 1519 226 1582 eius
260 1524 401 1598 tempora
428 1520 583 1599 poeticum
616 1523 739 1582 tuntum
768 1519 923 1582 excultum
955 1524 1038 1583 esset
1066 1537 1165 1598 genus
1196 1521 1327 1603 dicendi,

163 1625 214 1690 illo
245 1643 388 1690 sermone
415 1625 628 1706 utitur126‚
661 1624 714 1689 ubi
743 1625 874 1705 legimus
906 1627 977 1689 ἔοιι
1004 1626 1042 1687 dl
1070 1628 1196 1706 μεταξύ
1215 1631 1271 1715 τῆς
1290 1651 1327 1691 τε

162 1733 302 1818 παλαιῆς
317 1730 438 1811 πόλιος,
459 1755 479 1816 η
493 1730 569 1795 τότε
592 1731 823 1814 ἐπολιορκέετο,
843 1732 971 1795 καὶτοῦ
991 1734 1072 1814 νηοῦ
1084 1731 1171 1796 ἑπτά
1185 1733 1326 1816 στάδιοι,

162 1840 215 1920 qui
236 1839 323 1903 locus
345 1839 375 1902 ln
399 1838 599 1903 offensionem
620 1844 758 1903 nostram
781 1839 893 1903 cadere
922 1841 971 1902 vix
1002 1845 1124 1920 potest,
1155 1859 1225 1906 cum
1256 1845 1326 1908 ἔστι

160 1947 251 2028 longe
273 1947 369 2010 distet
390 1945 429 2008 ab
450 1945 626 2025 insequenti
649 1944 772 2025 plurali.
815 1945 976 2010 Interdum
1002 1945 1189 2026 singularem
1220 1968 1325 2014 nume·

160 2070 239 2132 rum,
268 2051 419 2133 imprimis
441 2052 542 2130 ἐστίν,
565 2040 615 2136 ἢν,
636 2055 785 2131 rtur-arur,
809 2051 930 2116 etiamsi
954 2052 1087 2132 pluralia
1111 2061 1322 2135 sequerentur,

159 2161 204 2223 ita
227 2159 297 2239 poni
332 2163 369 2222 ut
403 2158 525 2221 omnino
557 2158 835 2239 praenuntiaretur
870 2163 993 2223 tantum
1027 2160 1207 2226 vocabulum
1240 2170 1324 2228 recte

164 2285 240 2331 sane
262 2266 477 2346 druogernsr)
500 2265 589 2329 dixit.
629 2265 707 2330 Illud
726 2283 850 2346 quoque
871 2266 963 2330 ἐστιν
982 2263 1021 2330 οἵ
1034 2266 1091 2330 hoc
1112 2268 1178 2333 loco
1196 2269 1325 2351 dignum

158 2379 331 2437 memoratu
353 2377 402 2436 est
424 2389 559 2436 necnon
581 2361 622 2455 ἦν
639 2369 679 2453 ol',
699 2377 734 2435 ut
754 2371 927 2452 Xenophon
942 2390 1165 2455 nonnunquam
1188 2377 1322 2458 scripsit.

160 2479 275 2544 Verum
299 2486 335 2542 ut
357 2478 397 2541 ad
410 2477 612 2558 Sophocleum
635 2477 712 2541 illud
735 2477 909 2557 exemplum
934 2479 1045 2560 oratio,
1070 2481 1156 2544 unde·
1174 2483 1322 2563 degressa

157 2591 216 2664 est,
238 2603 272 2651 se
294 2583 419 2664 referat,
445 2583 552 2664 paucis
575 2589 700 2665 oportet
716 2584 818 2648 verbis
839 2602 902 2647 rem
926 2585 1024 2665 ipsam
1050 2585 1211 2653 declarem.
1243 2589 1322 2654 Her·

156 2709 288 2756 mannus
318 2691 398 2764 enim
420 2689 521 2784 Ovidii
548 2690 673 2755 Metam.
696 2690 737 2753 IX
762 2696 796 2752 51
823 2690 947 2753 ratione
969 2690 1094 2770 habita,
1118 2692 1168 2757 ubi
1193 2694 1321 2776 legimus

158 2798 219 2864 Ter
249 2799 319 2862 stuc
342 2798 489 2878 prosectu
520 2797 619 2862 uoluit
645 2797 783 2862 nitentia
804 2803 915 2862 contro
940 2797 1058 2862 reicere
1081 2799 1212 2865 Alcides
1241 2824 1261 2867 ο
1290 2823 1323 2868 ae

155 2926 225 2969 mcc
246 2909 379 2985 pectora
417 2904 448 2966 in
477 2921 513 2966 eo
543 2904 678 2984 positum
709 2920 776 2967 esse
806 2902 864 2966 hoc
894 2903 997 2966 luctae
1024 2921 1120 2982 genus
1149 2912 1255 2987 putat,
1285 2915 1321 2974 ut

155 3011 225 3092 quis
266 3014 424 3075 averteret
461 3009 677 3073 adversarium
712 3014 807 3088 atque
836 3026 855 3071 a
889 3014 978 3088 tergo
1013 3009 1192 3090 complexus
1231 3015 1321 3095 quasi

154 3135 210 3196 per
229 3117 344 3181 scalam
374 3115 500 3179 dorsum
529 3115 593 3179 eius
623 3113 852 3179 conscenderet.
892 3114 971 3191 Quid
998 3120 1061 3178 tum
1089 3116 1320 3200 ἀμφίπλεκτοι,

155 3224 230 3304 quid
260 3223 413 3304 κλίμακες
442 3221 502 3286 sibi
530 3221 662 3286 volunt?
704 3220 855 3301 Equidem
885 3222 999 3285 nescia.
1037 3223 1146 3287 Potius
1176 3243 1235 3289 vox
1256 3227 1321 3290 att-

153 3353 254 3413 μακες
275 3328 335 3394 alio
358 3328 549 3408 interpretor
577 3327 719 3408 pugilum
752 3324 899 3405 artificio,
927 3344 988 3407 quo
1018 3326 1214 3395 adversarius
1241 3333 1319 3413 pede

153 3436 314 3518 supposito
337 3433 531 3515 deprimitur,
555 3433 603 3496 cui
625 3433 687 3497 arti
710 3450 786 3496 sane
815 3449 908 3513 quam
933 3433 1078 3498 convenit
1108 3433 1186 3500 illud
1217 3437 1321 3523 α’μφί-

84 3611 96 3628 Q
153 3542 295 3607 πλεκτοι.

241 3788 267 3855 1)
286 3787 345 3842 Pol.
365 3786 423 3843 463.

238 3873 265 3943 2)
285 3873 321 3927 cf.
339 3873 459 3927 altische
478 3871 584 3941 Syntnx
604 3870 618 3939 ξ
637 3870 678 3934 63,
696 3871 721 3936 4,
743 3873 767 3924 4.
