<?xml version="1.0" encoding="UTF-8"?>
<!DOCTYPE html PUBLIC "-//W3C//DTD XHTML 1.0 Transitional//EN"
    "http://www.w3.org/TR/xhtml1/DTD/xhtml1-transitional.dtd">
<html xmlns="http://www.w3.org/1999/xhtml" xml:lang="en" lang="en">
 <head>
  <title>
</title>
<meta http-equiv="Content-Type" content="text/html;charset=utf-8" />
  <meta name='ocr-system' content='tesseract 3.04.00' />
  <meta name='ocr-capabilities' content='ocr_page ocr_carea ocr_par ocr_line ocrx_word'/>
</head>
<body>
  <div class='ocr_page' id='page_1' title='image "./deusunumeriplur00volpgoog_0025.png"; bbox 0 0 2964 4814; ppageno 0'>
   <div class='ocr_carea' id='block_1_1' title="bbox 719 287 756 351">
    <p class='ocr_par' dir='ltr' id='par_1_1' title="bbox 719 287 756 351">
     <span class='ocr_line' id='line_1_1' title="bbox 719 287 756 351; baseline 0 0"><span class='ocrx_word' id='word_1_1' title='bbox 719 287 756 351; x_wconf 82' lang='lat'>18</span> 
     </span>
    </p>
   </div>
   <div class='ocr_carea' id='block_1_2' title="bbox 155 461 1327 979">
    <p class='ocr_par' dir='ltr' id='par_1_2' title="bbox 155 461 1327 979">
     <span class='ocr_line' id='line_1_2' title="bbox 156 461 1326 549; baseline 0.002 -17"><span class='ocrx_word' id='word_1_2' title='bbox 156 483 225 532; x_wconf 90' lang='lat' dir='ltr'>cum</span> <span class='ocrx_word' id='word_1_3' title='bbox 252 461 449 545; x_wconf 85' lang='lat' dir='ltr'>Diodorfius‚</span> <span class='ocrx_word' id='word_1_4' title='bbox 481 462 690 531; x_wconf 87' lang='lat' dir='ltr'>Weckleiuius</span> <span class='ocrx_word' id='word_1_5' title='bbox 720 466 835 546; x_wconf 89' lang='lat' dir='ltr'>aliique</span> <span class='ocrx_word' id='word_1_6' title='bbox 868 467 1014 544; x_wconf 75' lang='grc' dir='ltr'><strong><em>ἐξέζεσεν</em></strong></span> <span class='ocrx_word' id='word_1_7' title='bbox 1041 469 1212 549; x_wconf 81' lang='lat' dir='ltr'>posuerint.</span> <span class='ocrx_word' id='word_1_8' title='bbox 1265 469 1326 535; x_wconf 90' lang='lat' dir='ltr'>Sed</span> 
     </span>
     <span class='ocr_line' id='line_1_3' title="bbox 155 573 1327 657; baseline 0.002 -19"><span class='ocrx_word' id='word_1_9' title='bbox 155 574 231 638; x_wconf 90' lang='lat' dir='ltr'>illud</span> <span class='ocrx_word' id='word_1_10' title='bbox 245 592 312 637; x_wconf 89' lang='lat' dir='ltr'>eam</span> <span class='ocrx_word' id='word_1_11' title='bbox 324 573 363 638; x_wconf 92' lang='lat' dir='ltr'>ob</span> <span class='ocrx_word' id='word_1_12' title='bbox 374 591 499 638; x_wconf 89' lang='lat' dir='ltr'>causam</span> <span class='ocrx_word' id='word_1_13' title='bbox 511 580 606 654; x_wconf 90' lang='lat' dir='ltr'>poeta</span> <span class='ocrx_word' id='word_1_14' title='bbox 616 574 750 655; x_wconf 83' lang='lat' dir='ltr'><strong>scripsit,</strong></span> <span class='ocrx_word' id='word_1_15' title='bbox 763 573 845 654; x_wconf 94' lang='lat' dir='ltr'>quod</span> <span class='ocrx_word' id='word_1_16' title='bbox 859 573 984 653; x_wconf 83' lang='lat' dir='ltr'>singula</span> <span class='ocrx_word' id='word_1_17' title='bbox 995 573 1106 656; x_wconf 85' lang='lat' dir='ltr'>Oedipi</span> <span class='ocrx_word' id='word_1_18' title='bbox 1118 574 1327 657; x_wconf 76' lang='grc' dir='ltr'><strong><em>κατεύγματα</em></strong></span> 
     </span>
     <span class='ocr_line' id='line_1_4' title="bbox 156 679 1325 768; baseline 0.005 -26"><span class='ocrx_word' id='word_1_19' title='bbox 156 680 294 760; x_wconf 83' lang='lat' dir='ltr'>intellegi</span> <span class='ocrx_word' id='word_1_20' title='bbox 316 679 421 744; x_wconf 88' lang='lat' dir='ltr'>voluit.</span> <span class='ocrx_word' id='word_1_21' title='bbox 472 681 572 744; x_wconf 90' lang='lat' dir='ltr'>Porro</span> <span class='ocrx_word' id='word_1_22' title='bbox 599 680 766 761; x_wconf 87' lang='lat' dir='ltr'>Sophocles</span> <span class='ocrx_word' id='word_1_23' title='bbox 789 679 940 768; x_wconf 81' lang='lat' dir='ltr'>pluralem</span> <span class='ocrx_word' id='word_1_24' title='bbox 961 681 1045 745; x_wconf 89' lang='lat' dir='ltr'>verbi</span> <span class='ocrx_word' id='word_1_25' title='bbox 1074 681 1230 764; x_wconf 85' lang='lat' dir='ltr'>exhibuit,</span> <span class='ocrx_word' id='word_1_26' title='bbox 1256 703 1325 747; x_wconf 92' lang='lat' dir='ltr'>cum</span> 
     </span>
     <span class='ocr_line' id='line_1_5' title="bbox 157 785 1326 872; baseline 0.003 -22"><span class='ocrx_word' id='word_1_27' title='bbox 157 793 301 850; x_wconf 89' lang='lat' dir='ltr'>neutrum</span> <span class='ocrx_word' id='word_1_28' title='bbox 317 786 357 850; x_wconf 90' lang='lat' dir='ltr'>ad</span> <span class='ocrx_word' id='word_1_29' title='bbox 381 804 532 867; x_wconf 85' lang='lat' dir='ltr'>personas</span> <span class='ocrx_word' id='word_1_30' title='bbox 549 786 731 868; x_wconf 82' lang='lat' dir='ltr'>spectabat:</span> <span class='ocrx_word' id='word_1_31' title='bbox 760 785 840 851; x_wconf 85' lang='lat' dir='ltr'>Phil.</span> <span class='ocrx_word' id='word_1_32' title='bbox 862 791 923 849; x_wconf 85' lang='grc'>448</span> <span class='ocrx_word' id='word_1_33' title='bbox 945 804 1012 868; x_wconf 91' lang='lat' dir='ltr'>sqq.</span> <span class='ocrx_word' id='word_1_34' title='bbox 1035 793 1092 850; x_wconf 86' lang='grc' dir='ltr'><strong><em>καί</em></strong></span> <span class='ocrx_word' id='word_1_35' title='bbox 1110 811 1179 863; x_wconf 84' lang='grc' dir='ltr'>πως</span> <span class='ocrx_word' id='word_1_36' title='bbox 1199 791 1242 852; x_wconf 80' lang='grc' dir='ltr'>τοὶ</span> <span class='ocrx_word' id='word_1_37' title='bbox 1263 795 1326 872; x_wconf 79' lang='grc' dir='ltr'><strong><em>μὲν</em></strong></span> 
     </span>
     <span class='ocr_line' id='line_1_6' title="bbox 156 893 1324 979; baseline 0.005 -24"><span class='ocrx_word' id='word_1_38' title='bbox 156 896 327 974; x_wconf 82' lang='grc' dir='ltr'><strong><em>πανοῦργα</em></strong></span> <span class='ocrx_word' id='word_1_39' title='bbox 361 894 415 957; x_wconf 83' lang='grc' dir='ltr'><strong><em>καὶ</em></strong></span> <span class='ocrx_word' id='word_1_40' title='bbox 444 894 639 979; x_wconf 79' lang='grc' dir='ltr'><strong><em>παλιντριβῆ</em></strong></span> <span class='ocrx_word' id='word_1_41' title='bbox 667 893 815 975; x_wconf 60' lang='grc' dir='ltr'><strong><em>χαίρονο)</em></strong></span> <span class='ocrx_word' id='word_1_42' title='bbox 849 893 1114 978; x_wconf 69' lang='grc' dir='ltr'><strong><em>ἀναστρέφοντες</em></strong></span> <span class='ocrx_word' id='word_1_43' title='bbox 1144 895 1182 970; x_wconf 81' lang='grc' dir='ltr'>ἐξ</span> <span class='ocrx_word' id='word_1_44' title='bbox 1206 893 1324 962; x_wconf 67' lang='grc' dir='ltr'><strong><em>Ἅιδου.</em></strong></span> 
     </span>
    </p>
   </div>
   <div class='ocr_carea' id='block_1_3' title="bbox 55 999 1326 1085">
    <p class='ocr_par' dir='ltr' id='par_1_3' title="bbox 55 999 1326 1085">
     <span class='ocr_line' id='line_1_7' title="bbox 55 999 1326 1085; baseline 0.002 -22"><span class='ocrx_word' id='word_1_45' title='bbox 55 1048 57 1052; x_wconf 56' lang='grc'><em>»</em></span> <span class='ocrx_word' id='word_1_46' title='bbox 158 999 277 1063; x_wconf 82' lang='lat' dir='ltr'>Contra</span> <span class='ocrx_word' id='word_1_47' title='bbox 297 1001 344 1063; x_wconf 77' lang='lat' dir='ltr'>ni.</span> <span class='ocrx_word' id='word_1_48' title='bbox 365 1005 424 1062; x_wconf 87' lang='grc'>669</span> <span class='ocrx_word' id='word_1_49' title='bbox 447 1001 633 1079; x_wconf 82' lang='lat' dir='ltr'>singularem</span> <span class='ocrx_word' id='word_1_50' title='bbox 659 1000 744 1067; x_wconf 87' lang='lat' dir='ltr'>verbi</span> <span class='ocrx_word' id='word_1_51' title='bbox 767 1003 956 1082; x_wconf 90' lang='lat' dir='ltr'>reperimus:</span> <span class='ocrx_word' id='word_1_52' title='bbox 978 1002 1020 1064; x_wconf 77' lang='lat' dir='ltr'>rol</span> <span class='ocrx_word' id='word_1_53' title='bbox 1044 1002 1136 1064; x_wconf 81' lang='grc' dir='ltr'><strong><em>δεινοὶ</em></strong></span> <span class='ocrx_word' id='word_1_54' title='bbox 1159 1039 1194 1048; x_wconf 84' lang='grc'><strong><em>-</em></strong></span> <span class='ocrx_word' id='word_1_55' title='bbox 1217 1009 1326 1085; x_wconf 78' lang='grc' dir='ltr'><strong><em>τιμαῖς</em></strong></span> 
     </span>
    </p>
   </div>
   <div class='ocr_carea' id='block_1_4' title="bbox 156 1106 1326 2261">
    <p class='ocr_par' dir='ltr' id='par_1_4' title="bbox 156 1106 1326 2261">
     <span class='ocr_line' id='line_1_8' title="bbox 158 1106 1324 1190; baseline 0.004 -22"><span class='ocrx_word' id='word_1_56' title='bbox 158 1107 292 1171; x_wconf 73' lang='grc' dir='ltr'><strong><em>ὑπείκει.</em></strong></span> <span class='ocrx_word' id='word_1_57' title='bbox 335 1106 451 1170; x_wconf 85' lang='lat' dir='ltr'>Eadem</span> <span class='ocrx_word' id='word_1_58' title='bbox 474 1113 579 1170; x_wconf 88' lang='lat' dir='ltr'>autern</span> <span class='ocrx_word' id='word_1_59' title='bbox 599 1108 786 1172; x_wconf 83' lang='lat' dir='ltr'>condicione</span> <span class='ocrx_word' id='word_1_60' title='bbox 817 1112 855 1172; x_wconf 89' lang='lat' dir='ltr'>ab</span> <span class='ocrx_word' id='word_1_61' title='bbox 876 1109 945 1172; x_wconf 87' lang='lat' dir='ltr'>aliis</span> <span class='ocrx_word' id='word_1_62' title='bbox 975 1126 1097 1189; x_wconf 92' lang='lat' dir='ltr'>quoque</span> <span class='ocrx_word' id='word_1_63' title='bbox 1121 1110 1324 1190; x_wconf 84' lang='lat' dir='ltr'>scriptoribus</span> 
     </span>
     <span class='ocr_line' id='line_1_9' title="bbox 158 1213 1326 1296; baseline -0.001 -17"><span class='ocrx_word' id='word_1_64' title='bbox 158 1217 282 1295; x_wconf 87' lang='lat' dir='ltr'>saepius</span> <span class='ocrx_word' id='word_1_65' title='bbox 298 1215 427 1295; x_wconf 87' lang='lat' dir='ltr'>pluralis</span> <span class='ocrx_word' id='word_1_66' title='bbox 439 1213 523 1277; x_wconf 88' lang='lat' dir='ltr'>verbi</span> <span class='ocrx_word' id='word_1_67' title='bbox 536 1219 706 1294; x_wconf 85' lang='lat' dir='ltr'>usurpatus</span> <span class='ocrx_word' id='word_1_68' title='bbox 720 1222 783 1290; x_wconf 87' lang='lat' dir='ltr'>est;</span> <span class='ocrx_word' id='word_1_69' title='bbox 802 1217 885 1279; x_wconf 88' lang='lat' dir='ltr'>velut</span> <span class='ocrx_word' id='word_1_70' title='bbox 898 1215 937 1280; x_wconf 91' lang='lat' dir='ltr'>ab</span> <span class='ocrx_word' id='word_1_71' title='bbox 947 1216 1095 1296; x_wconf 80' lang='lat' dir='ltr'>Euripide</span> <span class='ocrx_word' id='word_1_72' title='bbox 1108 1215 1160 1280; x_wconf 89' lang='lat' dir='ltr'>Or.</span> <span class='ocrx_word' id='word_1_73' title='bbox 1171 1221 1229 1280; x_wconf 83' lang='grc'>597</span> <span class='ocrx_word' id='word_1_74' title='bbox 1242 1215 1286 1279; x_wconf 90' lang='grc' dir='ltr'>τα’</span> <span class='ocrx_word' id='word_1_75' title='bbox 1297 1217 1326 1278; x_wconf 82' lang='grc' dir='ltr'>τ’</span> 
     </span>
     <span class='ocr_line' id='line_1_10' title="bbox 158 1319 1325 1405; baseline -0.001 -19"><span class='ocrx_word' id='word_1_76' title='bbox 158 1323 253 1386; x_wconf 77' lang='grc' dir='ltr'><strong><em>ἔνδον</em></strong></span> <span class='ocrx_word' id='word_1_77' title='bbox 272 1320 346 1401; x_wconf 82' lang='grc' dir='ltr'><strong><em>εἰσὶ,</em></strong></span> <span class='ocrx_word' id='word_1_78' title='bbox 367 1320 409 1384; x_wconf 81' lang='grc' dir='ltr'>τοὲ</span> <span class='ocrx_word' id='word_1_79' title='bbox 426 1345 463 1383; x_wconf 85' lang='grc' dir='ltr'>τε</span> <span class='ocrx_word' id='word_1_80' title='bbox 479 1319 604 1403; x_wconf 70' lang='grc' dir='ltr'><strong><em>θύραζε</em></strong></span> <span class='ocrx_word' id='word_1_81' title='bbox 623 1322 804 1402; x_wconf 81' lang='grc' dir='ltr'><strong><em>δυστυχεῖς,</em></strong></span> <span class='ocrx_word' id='word_1_82' title='bbox 822 1322 896 1386; x_wconf 83' lang='lat' dir='ltr'>Hoc.</span> <span class='ocrx_word' id='word_1_83' title='bbox 919 1327 995 1385; x_wconf 80' lang='lat'>1136</span> <span class='ocrx_word' id='word_1_84' title='bbox 1009 1323 1031 1402; x_wconf 87' lang='lat'>¹)</span> <span class='ocrx_word' id='word_1_85' title='bbox 1054 1323 1137 1385; x_wconf 78' lang='grc' dir='ltr'><strong><em>τέκν’</em></strong></span> <span class='ocrx_word' id='word_1_86' title='bbox 1159 1324 1195 1384; x_wconf 81' lang='grc' dir='ltr'><strong><em>ἐν</em></strong></span> <span class='ocrx_word' id='word_1_87' title='bbox 1215 1328 1325 1405; x_wconf 81' lang='grc' dir='ltr'><strong><em>χεροῖν</em></strong></span> 
     </span>
     <span class='ocr_line' id='line_1_11' title="bbox 158 1428 1324 1511; baseline 0.001 -18"><span class='ocrx_word' id='word_1_88' title='bbox 158 1429 309 1493; x_wconf 76' lang='grc' dir='ltr'><strong><em>ἔπαλλον.</em></strong></span> <span class='ocrx_word' id='word_1_89' title='bbox 353 1428 420 1504; x_wconf 81' lang='lat' dir='ltr'>Qua</span> <span class='ocrx_word' id='word_1_90' title='bbox 440 1429 470 1492; x_wconf 90' lang='lat' dir='ltr'>in</span> <span class='ocrx_word' id='word_1_91' title='bbox 496 1447 529 1491; x_wconf 92' lang='lat' dir='ltr'>re</span> <span class='ocrx_word' id='word_1_92' title='bbox 550 1447 610 1492; x_wconf 93' lang='lat' dir='ltr'>uon</span> <span class='ocrx_word' id='word_1_93' title='bbox 627 1435 675 1492; x_wconf 87' lang='lat' dir='ltr'>est</span> <span class='ocrx_word' id='word_1_94' title='bbox 692 1447 817 1493; x_wconf 89' lang='lat' dir='ltr'>neccsse</span> <span class='ocrx_word' id='word_1_95' title='bbox 832 1429 1043 1492; x_wconf 84' lang='lat' dir='ltr'>Hermannum</span> <span class='ocrx_word' id='word_1_96' title='bbox 1055 1430 1080 1508; x_wconf 74' lang='grc'>2)</span> <span class='ocrx_word' id='word_1_97' title='bbox 1097 1448 1265 1511; x_wconf 89' lang='lat' dir='ltr'>sequamur·</span> <span class='ocrx_word' id='word_1_98' title='bbox 1284 1429 1324 1494; x_wconf 92' lang='lat' dir='ltr'>ob</span> 
     </span>
     <span class='ocr_line' id='line_1_12' title="bbox 158 1535 1324 1625; baseline 0 -25"><span class='ocrx_word' id='word_1_99' title='bbox 158 1555 225 1600; x_wconf 91' lang='lat' dir='ltr'>earn</span> <span class='ocrx_word' id='word_1_100' title='bbox 246 1537 342 1600; x_wconf 86' lang='lat' dir='ltr'>solam</span> <span class='ocrx_word' id='word_1_101' title='bbox 366 1553 490 1625; x_wconf 86' lang='lat' dir='ltr'>causam</span> <span class='ocrx_word' id='word_1_102' title='bbox 515 1535 665 1599; x_wconf 84' lang='lat' dir='ltr'>dicentem</span> <span class='ocrx_word' id='word_1_103' title='bbox 695 1535 781 1600; x_wconf 86' lang='lat' dir='ltr'>verbi</span> <span class='ocrx_word' id='word_1_104' title='bbox 812 1537 959 1616; x_wconf 90' lang='lat' dir='ltr'>pluralem</span> <span class='ocrx_word' id='word_1_105' title='bbox 982 1554 1049 1599; x_wconf 90' lang='lat' dir='ltr'>csse</span> <span class='ocrx_word' id='word_1_106' title='bbox 1072 1536 1224 1618; x_wconf 88' lang='lat' dir='ltr'>positum,</span> <span class='ocrx_word' id='word_1_107' title='bbox 1250 1539 1324 1618; x_wconf 88' lang='lat' dir='ltr'>quia</span> 
     </span>
     <span class='ocr_line' id='line_1_13' title="bbox 158 1641 1323 1726; baseline 0.002 -21"><span class='ocrx_word' id='word_1_108' title='bbox 158 1644 277 1716; x_wconf 85' lang='grc' dir='ltr'><strong><em>παῖδες</em></strong></span> <span class='ocrx_word' id='word_1_109' title='bbox 290 1647 401 1723; x_wconf 85' lang='lat' dir='ltr'>poetae</span> <span class='ocrx_word' id='word_1_110' title='bbox 413 1643 443 1705; x_wconf 92' lang='lat' dir='ltr'>in</span> <span class='ocrx_word' id='word_1_111' title='bbox 460 1648 562 1705; x_wconf 87' lang='lat' dir='ltr'>mente</span> <span class='ocrx_word' id='word_1_112' title='bbox 581 1641 742 1706; x_wconf 85' lang='lat' dir='ltr'>haesisset.</span> <span class='ocrx_word' id='word_1_113' title='bbox 756 1679 793 1687; x_wconf 86' lang='lat'><em>-</em></span> <span class='ocrx_word' id='word_1_114' title='bbox 810 1645 842 1706; x_wconf 92' lang='lat' dir='ltr'>lu</span> <span class='ocrx_word' id='word_1_115' title='bbox 860 1660 984 1723; x_wconf 90' lang='lat' dir='ltr'>prosam</span> <span class='ocrx_word' id='word_1_116' title='bbox 1002 1660 1123 1723; x_wconf 91' lang='lat' dir='ltr'>quoque</span> <span class='ocrx_word' id='word_1_117' title='bbox 1133 1643 1323 1726; x_wconf 89' lang='lat' dir='ltr'>Thucydidis</span> 
     </span>
     <span class='ocr_line' id='line_1_14' title="bbox 156 1747 1322 1832; baseline 0.002 -19"><span class='ocrx_word' id='word_1_118' title='bbox 156 1751 328 1814; x_wconf 88' lang='lat' dir='ltr'>orationem</span> <span class='ocrx_word' id='word_1_119' title='bbox 349 1750 398 1812; x_wconf 84' lang='lat' dir='ltr'>liic</span> <span class='ocrx_word' id='word_1_120' title='bbox 413 1768 512 1812; x_wconf 85' lang='lat' dir='ltr'>sermo</span> <span class='ocrx_word' id='word_1_121' title='bbox 532 1749 673 1829; x_wconf 80' lang='lat' dir='ltr'>irrepsit3</span> <span class='ocrx_word' id='word_1_122' title='bbox 698 1747 955 1832; x_wconf 72' lang='grc' dir='ltr'><strong><em>οῖ.158τα“τε’λη</em></strong></span> <span class='ocrx_word' id='word_1_123' title='bbox 974 1786 1012 1794; x_wconf 96' lang='grc'>-</span> <span class='ocrx_word' id='word_1_124' title='bbox 1031 1749 1179 1829; x_wconf 70' lang='grc' dir='ltr'><strong><em>ὑπέσχον</em></strong></span> <span class='ocrx_word' id='word_1_125' title='bbox 1201 1748 1322 1823; x_wconf 78' lang='grc' dir='ltr'><strong><em>αὐτοῖς.</em></strong></span> 
     </span>
     <span class='ocr_line' id='line_1_15' title="bbox 157 1855 1322 1937; baseline 0.002 -17"><span class='ocrx_word' id='word_1_126' title='bbox 157 1857 246 1937; x_wconf 81' lang='lat' dir='ltr'>rlpud</span> <span class='ocrx_word' id='word_1_127' title='bbox 263 1856 447 1936; x_wconf 84' lang='lat' dir='ltr'>Euripidem</span> <span class='ocrx_word' id='word_1_128' title='bbox 465 1860 646 1919; x_wconf 91' lang='lat' dir='ltr'>autemnon</span> <span class='ocrx_word' id='word_1_129' title='bbox 662 1855 769 1934; x_wconf 83' lang='lat' dir='ltr'>solum,</span> <span class='ocrx_word' id='word_1_130' title='bbox 795 1874 863 1919; x_wconf 91' lang='lat' dir='ltr'>curu</span> <span class='ocrx_word' id='word_1_131' title='bbox 889 1875 1043 1937; x_wconf 86' lang='lat' dir='ltr'>personae</span> <span class='ocrx_word' id='word_1_132' title='bbox 1064 1858 1119 1921; x_wconf 89' lang='lat' dir='ltr'>sed</span> <span class='ocrx_word' id='word_1_133' title='bbox 1139 1861 1232 1922; x_wconf 87' lang='lat' dir='ltr'>etiam</span> <span class='ocrx_word' id='word_1_134' title='bbox 1252 1877 1322 1922; x_wconf 91' lang='lat' dir='ltr'>curn</span> 
     </span>
     <span class='ocr_line' id='line_1_16' title="bbox 157 1961 1322 2045; baseline 0.001 -18"><span class='ocrx_word' id='word_1_135' title='bbox 157 1965 280 2028; x_wconf 87' lang='lat' dir='ltr'>onruino</span> <span class='ocrx_word' id='word_1_136' title='bbox 311 1962 455 2025; x_wconf 86' lang='lat' dir='ltr'>animalia</span> <span class='ocrx_word' id='word_1_137' title='bbox 482 1961 721 2041; x_wconf 78' lang='lat' dir='ltr'>intelleguntur,</span> <span class='ocrx_word' id='word_1_138' title='bbox 752 1961 838 2024; x_wconf 88' lang='lat' dir='ltr'>verbi</span> <span class='ocrx_word' id='word_1_139' title='bbox 868 1964 996 2043; x_wconf 91' lang='lat' dir='ltr'>pluralis</span> <span class='ocrx_word' id='word_1_140' title='bbox 1018 1964 1148 2043; x_wconf 77' lang='lat' dir='ltr'>legitur3</span> <span class='ocrx_word' id='word_1_141' title='bbox 1181 1970 1216 2027; x_wconf 92' lang='lat' dir='ltr'>ut</span> <span class='ocrx_word' id='word_1_142' title='bbox 1239 1963 1322 2045; x_wconf 86' lang='lat' dir='ltr'>Cycl.</span> 
     </span>
     <span class='ocr_line' id='line_1_17' title="bbox 156 2060 1324 2158; baseline -0.003 -22"><span class='ocrx_word' id='word_1_143' title='bbox 156 2073 216 2136; x_wconf 71' lang='lat' dir='ltr'>aot</span> <span class='ocrx_word' id='word_1_144' title='bbox 240 2088 309 2152; x_wconf 86' lang='lat' dir='ltr'>sqq.</span> <span class='ocrx_word' id='word_1_145' title='bbox 336 2066 555 2154; x_wconf 79' lang='grc' dir='ltr'><strong><em>βλαστήματα</em></strong></span> <span class='ocrx_word' id='word_1_146' title='bbox 585 2069 616 2149; x_wconf 82' lang='lat' dir='ltr'>(i.</span> <span class='ocrx_word' id='word_1_147' title='bbox 644 2087 669 2131; x_wconf 80' lang='lat' dir='ltr'>e.</span> <span class='ocrx_word' id='word_1_148' title='bbox 702 2063 797 2151; x_wconf 78' lang='grc' dir='ltr'><strong><em>ἄρνες</em></strong></span> <span class='ocrx_word' id='word_1_149' title='bbox 825 2070 879 2131; x_wconf 83' lang='grc' dir='ltr'><strong><em>καὶ</em></strong></span> <span class='ocrx_word' id='word_1_150' title='bbox 910 2071 1026 2152; x_wconf 73' lang='grc' dir='ltr'><strong><em>ἔριφοι)</em></strong></span> <span class='ocrx_word' id='word_1_151' title='bbox 1056 2105 1095 2117; x_wconf 83' lang='grc'><strong><em>-</em></strong></span> <span class='ocrx_word' id='word_1_152' title='bbox 1122 2060 1143 2158; x_wconf 82' lang='grc' dir='ltr'><strong><em>ἧ</em></strong></span> <span class='ocrx_word' id='word_1_153' title='bbox 1172 2068 1256 2152; x_wconf 89' lang='grc' dir='ltr'><strong><em>πρός</em></strong></span> <span class='ocrx_word' id='word_1_154' title='bbox 1289 2094 1324 2151; x_wconf 87' lang='grc' dir='ltr'><strong><em>χε</em></strong></span> 
     </span>
     <span class='ocr_line' id='line_1_18' title="bbox 157 2157 650 2261; baseline -0.002 -21"><span class='ocrx_word' id='word_1_155' title='bbox 157 2181 296 2261; x_wconf 81' lang='grc' dir='ltr'><strong><em>μαστοῖς</em></strong></span> <span class='ocrx_word' id='word_1_156' title='bbox 317 2173 390 2240; x_wconf 81' lang='grc' dir='ltr'><strong><em>εἰσί.</em></strong></span> <span class='ocrx_word' id='word_1_157' title='bbox 648 2157 650 2161; x_wconf 26' lang='lat'><strong><em>¹</em></strong></span> 
     </span>
    </p>
   </div>
   <div class='ocr_carea' id='block_1_5' title="bbox 699 2450 773 2534">
    <p class='ocr_par' dir='ltr' id='par_1_5' title="bbox 699 2450 773 2534">
     <span class='ocr_line' id='line_1_19' title="bbox 699 2450 773 2534; baseline -0.014 -16"><span class='ocrx_word' id='word_1_158' title='bbox 699 2450 773 2534; x_wconf 65' lang='lat'>§4</span> 
     </span>
    </p>
   </div>
   <div class='ocr_carea' id='block_1_6' title="bbox 153 2608 1378 3863">
    <p class='ocr_par' dir='ltr' id='par_1_6' title="bbox 157 2608 1378 2906">
     <span class='ocr_line' id='line_1_20' title="bbox 241 2608 1378 2697; baseline 0 -21"><span class='ocrx_word' id='word_1_159' title='bbox 241 2613 288 2676; x_wconf 81' lang='lat' dir='ltr'>Ad</span> <span class='ocrx_word' id='word_1_160' title='bbox 311 2610 395 2673; x_wconf 89' lang='lat' dir='ltr'>aliud</span> <span class='ocrx_word' id='word_1_161' title='bbox 420 2608 554 2690; x_wconf 87' lang='lat' dir='ltr'>procedo</span> <span class='ocrx_word' id='word_1_162' title='bbox 578 2614 609 2671; x_wconf 86' lang='lat' dir='ltr'>et</span> <span class='ocrx_word' id='word_1_163' title='bbox 632 2608 663 2672; x_wconf 90' lang='lat' dir='ltr'>id</span> <span class='ocrx_word' id='word_1_164' title='bbox 688 2627 762 2672; x_wconf 89' lang='lat' dir='ltr'>saue</span> <span class='ocrx_word' id='word_1_165' title='bbox 787 2608 924 2673; x_wconf 85' lang='lat' dir='ltr'>Graecae</span> <span class='ocrx_word' id='word_1_166' title='bbox 947 2610 1072 2688; x_wconf 86' lang='lat' dir='ltr'>linguae</span> <span class='ocrx_word' id='word_1_167' title='bbox 1094 2609 1255 2691; x_wconf 89' lang='lat' dir='ltr'>proprium</span> <span class='ocrx_word' id='word_1_168' title='bbox 1273 2618 1322 2676; x_wconf 92' lang='lat' dir='ltr'>est</span> <span class='ocrx_word' id='word_1_169' title='bbox 1374 2689 1378 2697; x_wconf 18' lang='lat' dir='ltr'>q</span> 
     </span>
     <span class='ocr_line' id='line_1_21' title="bbox 157 2715 1322 2798; baseline -0.001 -14"><span class='ocrx_word' id='word_1_170' title='bbox 157 2721 274 2785; x_wconf 91' lang='lat' dir='ltr'>scilicet</span> <span class='ocrx_word' id='word_1_171' title='bbox 295 2725 328 2782; x_wconf 93' lang='lat' dir='ltr'>ut</span> <span class='ocrx_word' id='word_1_172' title='bbox 348 2715 475 2780; x_wconf 87' lang='lat' dir='ltr'>verbum</span> <span class='ocrx_word' id='word_1_173' title='bbox 497 2715 617 2779; x_wconf 90' lang='lat' dir='ltr'>finitum</span> <span class='ocrx_word' id='word_1_174' title='bbox 640 2715 768 2796; x_wconf 85' lang='lat' dir='ltr'>plurali,</span> <span class='ocrx_word' id='word_1_175' title='bbox 791 2716 988 2796; x_wconf 86' lang='lat' dir='ltr'>participium</span> <span class='ocrx_word' id='word_1_176' title='bbox 1014 2716 1054 2779; x_wconf 90' lang='lat' dir='ltr'>ad</span> <span class='ocrx_word' id='word_1_177' title='bbox 1077 2716 1151 2780; x_wconf 89' lang='lat' dir='ltr'>illud</span> <span class='ocrx_word' id='word_1_178' title='bbox 1175 2725 1322 2798; x_wconf 88' lang='lat' dir='ltr'>spectans</span> 
     </span>
     <span class='ocr_line' id='line_1_22' title="bbox 159 2823 1214 2906; baseline -0.003 -15"><span class='ocrx_word' id='word_1_179' title='bbox 159 2826 308 2906; x_wconf 82' lang='lat' dir='ltr'>singulari</span> <span class='ocrx_word' id='word_1_180' title='bbox 331 2823 524 2887; x_wconf 83' lang='lat' dir='ltr'>exhibeatur.</span> <span class='ocrx_word' id='word_1_181' title='bbox 566 2823 645 2886; x_wconf 92' lang='lat' dir='ltr'>Nam</span> <span class='ocrx_word' id='word_1_182' title='bbox 669 2823 724 2886; x_wconf 87' lang='lat' dir='ltr'>Eu.</span> <span class='ocrx_word' id='word_1_183' title='bbox 748 2828 800 2885; x_wconf 79' lang='lat'>141</span> <span class='ocrx_word' id='word_1_184' title='bbox 824 2824 973 2902; x_wconf 90' lang='lat' dir='ltr'>scriptum</span> <span class='ocrx_word' id='word_1_185' title='bbox 996 2841 1014 2884; x_wconf 85' lang='lat' dir='ltr'>a</span> <span class='ocrx_word' id='word_1_186' title='bbox 1038 2832 1132 2903; x_wconf 84' lang='lat' dir='ltr'>poeta</span> <span class='ocrx_word' id='word_1_187' title='bbox 1152 2832 1214 2888; x_wconf 88' lang='lat' dir='ltr'>est:</span> 
     </span>
    </p>

    <p class='ocr_par' dir='ltr' id='par_1_7' title="bbox 154 2926 1322 3529">
     <span class='ocr_line' id='line_1_23' title="bbox 466 2926 1014 3010; baseline 0 -19"><span class='ocrx_word' id='word_1_188' title='bbox 466 2929 709 2994; x_wconf 79' lang='grc' dir='ltr'><strong><em>εῖπολακτῖσασ’</em></strong></span> <span class='ocrx_word' id='word_1_189' title='bbox 731 2926 836 2991; x_wconf 73' lang='grc' dir='ltr'><strong><em>ὕπνον</em></strong></span> <span class='ocrx_word' id='word_1_190' title='bbox 859 2927 1014 3010; x_wconf 72' lang='grc' dir='ltr'><strong><em>ἰδώμεθα</em></strong></span> 
     </span>
     <span class='ocr_line' id='line_1_24' title="bbox 156 3035 1321 3121; baseline -0.003 -17"><span class='ocrx_word' id='word_1_191' title='bbox 156 3058 217 3121; x_wconf 92' lang='lat' dir='ltr'>quo</span> <span class='ocrx_word' id='word_1_192' title='bbox 248 3040 286 3103; x_wconf 90' lang='lat' dir='ltr'>de</span> <span class='ocrx_word' id='word_1_193' title='bbox 316 3039 381 3101; x_wconf 89' lang='lat' dir='ltr'>loco</span> <span class='ocrx_word' id='word_1_194' title='bbox 414 3036 599 3116; x_wconf 81' lang='lat' dir='ltr'>Hartuius³)</span> <span class='ocrx_word' id='word_1_195' title='bbox 633 3035 706 3099; x_wconf 88' lang='lat' dir='ltr'>dicit</span> <span class='ocrx_word' id='word_1_196' title='bbox 727 3035 984 3099; x_wconf 79' lang='grc' dir='ltr'><strong><em>οἷπολακτίσασα</em></strong></span> <span class='ocrx_word' id='word_1_197' title='bbox 1012 3036 1055 3100; x_wconf 89' lang='lat' dir='ltr'>ita</span> <span class='ocrx_word' id='word_1_198' title='bbox 1086 3037 1222 3116; x_wconf 91' lang='lat' dir='ltr'>positum</span> <span class='ocrx_word' id='word_1_199' title='bbox 1252 3055 1321 3100; x_wconf 88' lang='lat' dir='ltr'>esse</span> 
     </span>
     <span class='ocr_line' id='line_1_25' title="bbox 156 3142 1322 3228; baseline -0.003 -18"><span class='ocrx_word' id='word_1_200' title='bbox 156 3148 244 3228; x_wconf 88' lang='lat' dir='ltr'>quasi</span> <span class='ocrx_word' id='word_1_201' title='bbox 268 3149 449 3226; x_wconf 87' lang='lat' dir='ltr'>sequeretur</span> <span class='ocrx_word' id='word_1_202' title='bbox 472 3142 695 3222; x_wconf 81' lang='lat' dir='ltr'>imperativus,</span> <span class='ocrx_word' id='word_1_203' title='bbox 718 3143 892 3222; x_wconf 87' lang='lat' dir='ltr'>imperativi</span> <span class='ocrx_word' id='word_1_204' title='bbox 914 3149 1018 3206; x_wconf 86' lang='lat' dir='ltr'>autern</span> <span class='ocrx_word' id='word_1_205' title='bbox 1041 3144 1196 3207; x_wconf 89' lang='lat' dir='ltr'>notionem</span> <span class='ocrx_word' id='word_1_206' title='bbox 1219 3144 1322 3208; x_wconf 89' lang='lat' dir='ltr'>inesse</span> 
     </span>
     <span class='ocr_line' id='line_1_26' title="bbox 156 3247 1320 3331; baseline -0.003 -15"><span class='ocrx_word' id='word_1_207' title='bbox 156 3253 354 3316; x_wconf 86' lang='lat' dir='ltr'>subiunctivo</span> <span class='ocrx_word' id='word_1_208' title='bbox 364 3247 525 3331; x_wconf 73' lang='grc' dir='ltr'><strong><em>ἰδώμεθα.</em></strong></span> <span class='ocrx_word' id='word_1_209' title='bbox 556 3250 618 3314; x_wconf 87' lang='lat' dir='ltr'>Sed</span> <span class='ocrx_word' id='word_1_210' title='bbox 635 3248 789 3330; x_wconf 75' lang='grc' dir='ltr'><strong><em>ἰδώμεθα</em></strong></span> <span class='ocrx_word' id='word_1_211' title='bbox 802 3269 836 3313; x_wconf 92' lang='lat' dir='ltr'>re</span> <span class='ocrx_word' id='word_1_212' title='bbox 854 3268 927 3312; x_wconf 89' lang='lat' dir='ltr'>vera</span> <span class='ocrx_word' id='word_1_213' title='bbox 946 3251 989 3312; x_wconf 86' lang='lat' dir='ltr'>ita</span> <span class='ocrx_word' id='word_1_214' title='bbox 1003 3250 1203 3329; x_wconf 88' lang='lat' dir='ltr'>amplectitur</span> <span class='ocrx_word' id='word_1_215' title='bbox 1213 3250 1320 3313; x_wconf 86' lang='lat' dir='ltr'>ambas</span> 
     </span>
     <span class='ocr_line' id='line_1_27' title="bbox 154 3355 1322 3436; baseline -0.002 -14"><span class='ocrx_word' id='word_1_216' title='bbox 154 3359 224 3422; x_wconf 85' lang='lat' dir='ltr'>illas</span> <span class='ocrx_word' id='word_1_217' title='bbox 255 3359 398 3421; x_wconf 91' lang='lat' dir='ltr'>notiones</span> <span class='ocrx_word' id='word_1_218' title='bbox 440 3375 495 3434; x_wconf 84' lang='lat' dir='ltr'>ego</span> <span class='ocrx_word' id='word_1_219' title='bbox 527 3361 560 3419; x_wconf 91' lang='lat' dir='ltr'>et</span> <span class='ocrx_word' id='word_1_220' title='bbox 601 3363 652 3436; x_wconf 86' lang='lat' dir='ltr'>tu,</span> <span class='ocrx_word' id='word_1_221' title='bbox 685 3363 720 3419; x_wconf 92' lang='lat' dir='ltr'>ut</span> <span class='ocrx_word' id='word_1_222' title='bbox 750 3356 948 3435; x_wconf 91' lang='lat' dir='ltr'>participium</span> <span class='ocrx_word' id='word_1_223' title='bbox 977 3356 1133 3436; x_wconf 83' lang='lat' dir='ltr'>singulare</span> <span class='ocrx_word' id='word_1_224' title='bbox 1172 3355 1211 3419; x_wconf 89' lang='lat' dir='ltr'>ad</span> <span class='ocrx_word' id='word_1_225' title='bbox 1242 3355 1322 3420; x_wconf 88' lang='lat' dir='ltr'>hanc</span> 
     </span>
     <span class='ocr_line' id='line_1_28' title="bbox 155 3463 468 3529; baseline -0.013 -1"><span class='ocrx_word' id='word_1_226' title='bbox 155 3470 279 3529; x_wconf 88' lang='lat' dir='ltr'>tanturn</span> <span class='ocrx_word' id='word_1_227' title='bbox 301 3463 468 3527; x_wconf 86' lang='lat' dir='ltr'>referatur.</span> 
     </span>
    </p>

    <p class='ocr_par' dir='ltr' id='par_1_8' title="bbox 153 3568 1322 3863">
     <span class='ocr_line' id='line_1_29' title="bbox 237 3568 722 3648; baseline -0.008 -13"><span class='ocrx_word' id='word_1_228' title='bbox 237 3571 386 3635; x_wconf 89' lang='lat' dir='ltr'>Similiter</span> <span class='ocrx_word' id='word_1_229' title='bbox 409 3569 541 3648; x_wconf 78' lang='lat' dir='ltr'>legimus</span> <span class='ocrx_word' id='word_1_230' title='bbox 564 3568 644 3632; x_wconf 88' lang='lat' dir='ltr'>Phil.</span> <span class='ocrx_word' id='word_1_231' title='bbox 664 3572 722 3631; x_wconf 84' lang='grc'>645</span> 
     </span>
     <span class='ocr_line' id='line_1_30' title="bbox 153 3673 1322 3760; baseline -0.001 -21"><span class='ocrx_word' id='word_1_232' title='bbox 153 3681 307 3760; x_wconf 79' lang='grc' dir='ltr'><strong><em>χωρῶμεν</em></strong></span> <span class='ocrx_word' id='word_1_233' title='bbox 327 3675 469 3741; x_wconf 71' lang='grc' dir='ltr'><strong><em>ἐνδόδεν</em></strong></span> <span class='ocrx_word' id='word_1_234' title='bbox 489 3675 601 3757; x_wconf 69' lang='grc' dir='ltr'><strong><em>λαβεῖν</em></strong></span> <span class='ocrx_word' id='word_1_235' title='bbox 623 3673 708 3738; x_wconf 78' lang='grc' dir='ltr'><strong><em>ὅπου</em></strong></span> <span class='ocrx_word' id='word_1_236' title='bbox 725 3695 763 3739; x_wconf 88' lang='grc' dir='ltr'><strong><em>σε</em></strong></span> <span class='ocrx_word' id='word_1_237' title='bbox 782 3680 876 3757; x_wconf 88' lang='grc' dir='ltr'><strong><em>χρεία</em></strong></span> <span class='ocrx_word' id='word_1_238' title='bbox 896 3675 950 3738; x_wconf 77' lang='grc' dir='ltr'><strong><em>καὶ</em></strong></span> <span class='ocrx_word' id='word_1_239' title='bbox 972 3673 1081 3749; x_wconf 79' lang='grc' dir='ltr'><strong><em>πόθος</em></strong></span> <span class='ocrx_word' id='word_1_240' title='bbox 1098 3675 1230 3757; x_wconf 77' lang='grc' dir='ltr'><strong><em>μάλιστ’</em></strong></span> <span class='ocrx_word' id='word_1_241' title='bbox 1248 3677 1322 3755; x_wconf 74' lang='grc' dir='ltr'><strong><em>ἔχει.</em></strong></span> 
     </span>
     <span class='ocr_line' id='line_1_31' title="bbox 157 3776 1322 3863; baseline -0.006 -14"><span class='ocrx_word' id='word_1_242' title='bbox 157 3785 245 3862; x_wconf 81' lang='lat' dir='ltr'>Quae</span> <span class='ocrx_word' id='word_1_243' title='bbox 268 3786 328 3848; x_wconf 92' lang='lat' dir='ltr'>iam</span> <span class='ocrx_word' id='word_1_244' title='bbox 351 3776 413 3847; x_wconf 91' lang='lat' dir='ltr'>nou</span> <span class='ocrx_word' id='word_1_245' title='bbox 431 3782 577 3863; x_wconf 89' lang='lat' dir='ltr'>estquod</span> <span class='ocrx_word' id='word_1_246' title='bbox 601 3782 743 3863; x_wconf 88' lang='lat' dir='ltr'>pluribus</span> <span class='ocrx_word' id='word_1_247' title='bbox 768 3782 925 3862; x_wconf 87' lang='lat' dir='ltr'>explicem.</span> <span class='ocrx_word' id='word_1_248' title='bbox 964 3782 1050 3847; x_wconf 84' lang='lat' dir='ltr'>Illam</span> <span class='ocrx_word' id='word_1_249' title='bbox 1067 3788 1173 3846; x_wconf 90' lang='lat' dir='ltr'>autern</span> <span class='ocrx_word' id='word_1_250' title='bbox 1188 3781 1322 3846; x_wconf 90' lang='lat' dir='ltr'>Dobreei</span> 
     </span>
    </p>
   </div>
   <div class='ocr_carea' id='block_1_7' title="bbox 151 4024 1322 4184">
    <p class='ocr_par' dir='ltr' id='par_1_9' title="bbox 151 4024 1322 4184">
     <span class='ocr_line' id='line_1_32' title="bbox 225 4024 1322 4096; baseline 0 -17"><span class='ocrx_word' id='word_1_251' title='bbox 225 4029 252 4095; x_wconf 86' lang='lat'>1)</span> <span class='ocrx_word' id='word_1_252' title='bbox 271 4026 305 4080; x_wconf 86' lang='lat' dir='ltr'>cl&#39;.</span> <span class='ocrx_word' id='word_1_253' title='bbox 325 4025 477 4081; x_wconf 89' lang='lat' dir='ltr'>Porsonum</span> <span class='ocrx_word' id='word_1_254' title='bbox 493 4029 529 4082; x_wconf 85' lang='lat' dir='ltr'>ad</span> <span class='ocrx_word' id='word_1_255' title='bbox 549 4029 623 4082; x_wconf 90' lang='lat' dir='ltr'>hunc</span> <span class='ocrx_word' id='word_1_256' title='bbox 642 4041 759 4080; x_wconf 89' lang='lat' dir='ltr'>versum.</span> <span class='ocrx_word' id='word_1_257' title='bbox 776 4055 810 4063; x_wconf 95' lang='lat'><em>-</em></span> <span class='ocrx_word' id='word_1_258' title='bbox 829 4025 855 4092; x_wconf 82' lang='lat'>2)</span> <span class='ocrx_word' id='word_1_259' title='bbox 876 4043 899 4078; x_wconf 86' lang='lat' dir='ltr'>v.</span> <span class='ocrx_word' id='word_1_260' title='bbox 919 4025 1012 4079; x_wconf 85' lang='lat' dir='ltr'>Herm.</span> <span class='ocrx_word' id='word_1_261' title='bbox 1032 4027 1067 4080; x_wconf 84' lang='lat' dir='ltr'>ad</span> <span class='ocrx_word' id='word_1_262' title='bbox 1087 4026 1149 4096; x_wconf 84' lang='lat' dir='ltr'>Vig.</span> <span class='ocrx_word' id='word_1_263' title='bbox 1168 4044 1193 4096; x_wconf 87' lang='lat' dir='ltr'>p.</span> <span class='ocrx_word' id='word_1_264' title='bbox 1212 4024 1270 4080; x_wconf 75' lang='lat'>738.</span> <span class='ocrx_word' id='word_1_265' title='bbox 1290 4053 1322 4064; x_wconf 84' lang='lat'>-·</span> 
     </span>
     <span class='ocr_line' id='line_1_33' title="bbox 151 4112 526 4184; baseline 0.011 -18"><span class='ocrx_word' id='word_1_266' title='bbox 151 4113 180 4184; x_wconf 80' lang='lat'>3)</span> <span class='ocrx_word' id='word_1_267' title='bbox 199 4113 234 4167; x_wconf 83' lang='lat' dir='ltr'>cf.</span> <span class='ocrx_word' id='word_1_268' title='bbox 252 4112 270 4168; x_wconf 90' lang='lat'>1.</span> <span class='ocrx_word' id='word_1_269' title='bbox 288 4129 311 4166; x_wconf 88' lang='lat' dir='ltr'>c.</span> <span class='ocrx_word' id='word_1_270' title='bbox 328 4128 356 4180; x_wconf 87' lang='lat' dir='ltr'>p.</span> <span class='ocrx_word' id='word_1_271' title='bbox 379 4116 419 4170; x_wconf 84' lang='lat'>18.</span> <span class='ocrx_word' id='word_1_272' title='bbox 523 4147 526 4152; x_wconf 62' lang='lat'><strong><em>‹</em></strong></span> 
     </span>
    </p>
   </div>
   <div class='ocr_carea' id='block_1_8' title="bbox 0 0 1486 4814">
    <p class='ocr_par' dir='ltr' id='par_1_10' title="bbox 0 0 1486 4814">
     <span class='ocr_line' id='line_1_34' title="bbox 0 0 1486 4814; baseline 0 0"><span class='ocrx_word' id='word_1_273' title='bbox 0 0 1486 4814; x_wconf 95' lang='lat' dir='ltr'> </span> 
     </span>
    </p>
   </div>
  </div>
 </body>
</html>
