2964 4814
724 294 764 355 49

235 467 469 554 Hepyapoh
490 468 530 532 ab
555 466 703 548 Aeschylo
733 467 825 530 semel
848 472 881 531 et
903 467 942 532 de
963 466 1172 548 compluribus
1194 465 1316 550 quidem

152 578 280 645 arcibus
302 577 503 642 dictumest:
527 576 600 640 Pro.
622 578 691 652 958,
712 574 796 654 apud
814 573 997 655 Sophoclem
1019 579 1125 639 autem
1151 573 1192 637 ad
1213 591 1315 638 arcem

153 691 279 751 tantum
302 683 467 747 Troianam
491 682 629 762 pertinet
650 680 706 745 Ph.
730 685 789 745 353
813 686 869 745 611
894 683 954 746 347
979 686 1068 746 1335.

238 811 463 888 Πνθμένες
493 804 644 868 »laudus«
675 805 789 884 legitur
812 805 881 869 Pro.
914 809 1058 884 rohten:
1089 803 1200 884 χθόνα
1226 804 1255 866 δ’
1285 805 1320 866 ἐκ

155 920 339 998 πυθμένων
349 912 466 986 αὐτοῖς
476 913 573 994 ῥίζαις
591 913 724 993 πνεῦμα
743 911 921 992 κραδαίνοι.
940 911 1079 993 (Ceteris
1092 912 1167 975 locis
1180 913 1322 991 πυθμήν

155 1022 271 1088 tralata
295 1021 408 1084 dicitur
429 1019 467 1082 de
489 1018 604 1098 barbe,
628 1017 665 1082 de
688 1019 808 1098 radice,
837 1018 875 1082 de
896 1019 1000 1098 gentis
1020 1017 1185 1098 auctore).
1230 1018 1319 1098 Apud

154 1128 335 1210 Sophoclem
364 1132 467 1190 autem
510 1126 683 1206 exemplum
717 1125 799 1189 illius
830 1126 993 1207 Aeschylei
1032 1125 1130 1189 simile
1167 1104 1331 1189 inveneris

155 1238 232 1302 hoc:
254 1233 404 1299 Olbiam
433 1233 468 1294 ἐκ
490 1232 528 1294 δὲ
550 1235 734 1313 πυθμένων
756 1232 859 1296 ἔκλινε
881 1233 974 1297 κοῖλα
994 1232 1132 1316 κλῇθρα.
1166 1232 1233 1309 Quo
1253 1232 1321 1295 loco

154 1343 284 1425 pluralis
315 1345 500 1421 πυθμένες,
532 1340 645 1420 quippe
678 1340 730 1419 qui
757 1340 796 1403 ad
832 1340 893 1403 duo
923 1339 1060 1404 claustra
1089 1338 1259 1418 referatur,
1282 1357 1319 1401 ex

154 1466 352 1514 numerorum
376 1447 564 1510 attractione
586 1443 676 1509 facile
699 1451 788 1509 ortus
810 1451 876 1525 est,
908 1464 977 1510 cum
1001 1445 1211 1528 Ellenotius2)
1240 1445 1319 1509 falso

154 1575 224 1622 eum
247 1573 319 1619 voce
342 1553 477 1617 cardinis
495 1553 735 1633 interpretetur.

239 1678 465 1756 sanarer),
510 1677 590 1757 qnod
623 1676 808 1741 vocabulum
847 1673 1014 1755 Sophocles
1053 1676 1186 1755 sprevit3
1225 1675 1322 1739 habes

154 1787 226 1851 Pro.
250 1790 320 1851 829.

228 1906 386 1991 ’Όροφοι
408 1911 561 1970 »tectum«
585 1904 678 1969 semel
694 1905 889 1986 repperimus
904 1904 998 1985 idque
1020 1905 1104 1984 apud
1119 1904 1320 1986 Aeschylum:

158 2019 212 2083 Su.
241 2020 300 2079 658
327 2013 366 2078 ὃν
395 2009 483 2088 οὔτις
509 2010 552 2075 ἄν
581 2011 681 2094 δόμος
702 2013 768 2092 ἔχοι
790 2011 843 2074 ἐπ’
866 2009 1000 2095 ὀρόφων
1020 2017 1203 2093 μιαίνοντα.
1258 2012 1319 2076 Sed

156 2125 184 2188 is
203 2123 334 2204 pluralis
356 2123 401 2184 ita
423 2138 544 2201 quoque
566 2118 712 2199 explicari
735 2124 839 2199 potest
866 2126 900 2182 ut
930 2115 1015 2192 οὔτις
1038 2156 1077 2165 -
1101 2116 1201 2200 δόμος
1219 2120 1319 2199 ipsum

157 2249 280 2312 quoque
300 2228 459 2293 collective
480 2245 538 2308 pro
557 2226 738 2306 pluralitate
758 2225 938 2304 accipiatur.

702 2453 775 2536 52.

220 2579 424 2668 'Sequuntur
446 2585 654 2664 substantiva,
687 2584 798 2664 quibus
829 2588 936 2665 partes
967 2592 999 2648 et
1021 2583 1161 2648 membra
1183 2583 1320 2664 corporis

157 2693 382 2773 designantem
412 2692 449 2754 ad
472 2691 549 2754 haec
570 2697 672 2754 autem
695 2697 770 2770 apta
793 2691 852 2754 fnit
873 2690 1037 2772 pluralitas
1059 2695 1227 2771 propterea
1249 2690 1322 2770 quia

158 2818 222 2864 una
245 2800 384 2880 corporis
406 2817 480 2879 pars
509 2804 545 2861 ut
571 2805 679 2878 pectus
702 2815 719 2860 e
741 2797 948 2878 compluribus
972 2799 1040 2878 ipsa
1063 2804 1207 2861 coristare
1230 2797 1321 2861 solet.

156 2905 331 2971 Nonnullae
365 2923 442 2969 sane
481 2910 668 2985 supersunt,
708 2923 838 2984 quarum
874 2904 913 2965 de
941 2904 1086 2984 partibus
1118 2904 1248 2982 cogitari
1271 2904 1322 2965 uix

89 3060 94 3069 .
158 3018 276 3093 potest;
300 3011 357 3075 has
379 3030 435 3092 per
459 3011 580 3075 illarum
603 3010 779 3090 antelogium
800 3011 831 3073 in
852 3010 964 3091 plurali
984 3012 1106 3090 positas
1120 3028 1322 3075 essecenseo.

158 3119 220 3183 Sed
243 3119 302 3182 iam
325 3136 562 3199 percenseamus
585 3117 737 3201 exempla.

241 3242 435 3322 Στέρνω)
472 3242 556 3322 apud
591 3239 778 3321 Aeschylum
813 3240 928 3319 ubique
962 3239 1135 3320 plurative:
1174 3238 1246 3304 Pro.
1274 3239 1323 3318 65,

158 3347 210 3412 Pe.
235 3349 324 3429 1055,
348 3347 424 3413 Cho.
449 3353 517 3426 740,
539 3347 577 3412 fr.
601 3349 660 3411 aba
686 3344 846 3428 τραύματ’
867 3346 903 3409 ἐν
927 3356 1071 3428 στέρνοις
1090 3345 1215 3428 lotidem
1249 3346 1324 3410 ilem

158 3455 242 3535 apud
265 3455 461 3536 Sophoclem,
484 3455 537 3519 ubi
557 3455 683 3537 propria
706 3455 736 3518 vi
759 3456 858 3518 utitur
882 3452 1127 3535 vox00.1609,
1151 3454 1198 3517 Ai.
1214 3452 1324 3534 atach,

230 3677 256 3745 l)
274 3676 308 3730 cl.
327 3675 569 3731 arces-Collatinas
586 3677 670 3747 Verg.
690 3677 757 3730 Aen.
775 3675 814 3729 Vl
833 3675 892 3730 744.

229 3759 257 3829 2)
276 3778 301 3814 v.
320 3759 429 3814 lexicon
447 3777 466 3813 s.
489 3776 513 3813 v.

231 3843 263 3909 3)
281 3843 344 3898 Non
364 3845 480 3910 diluuium
500 3844 533 3898 ef.
552 3845 626 3902 Pera.
644 3847 680 3900 ad
699 3844 839 3915 Euripidis
855 3844 899 3900 Or.
918 3846 977 3900 324.

229 3928 257 3997 4)
275 3929 310 3986 cf.
329 3936 439 3999 pectora
463 3931 492 3984 eb
515 3929 625 3985 similia.
662 3930 703 3985 Ex
727 3929 857 4000 analogia
882 3928 1011 3982 nimirum
1035 3928 1171 3983 Martialis
1195 3929 1280 3998 epigr.
1300 3929 1326 3983 X

161 4012 222 4078 253
241 4014 349 4069 deuna
368 4012 475 4069 Muciae
495 4014 641 4069 Smevolae
660 4031 757 4069 manu:
783 4015 926 4084 imposuit,
945 4013 1047 4082 inquit,
1074 4014 1122 4084 qui
1139 4029 1191 4068 τιιιι
1208 4015 1327 4069 membra

158 4096 243 4167 josia.
259 4127 295 4137 -
1172 4165 1192 4220 4
