2964 4814
724 297 765 356 70

165 477 226 542 978
257 476 327 541 989.
377 474 460 550 Quin
490 475 583 537 etiam
613 473 682 554 ipsa
704 490 782 536 uxor
803 471 899 553 γάμοι
928 473 1088 555 appellata
1111 478 1160 537 est
1180 470 1230 554 (cl.
1253 471 1327 535 Tra.

167 586 245 648 1139
284 582 325 655 οἷς
349 580 506 661 προσεῖδε
534 578 609 652 τούς
636 579 732 641 ἔνδον
759 577 902 660 γάμους),
943 586 978 643 ut
1007 579 1082 642 mihi
1103 579 1239 659 ridetur,
1261 595 1331 658 per

167 689 394 768 analogiam
418 687 535 750 illius
557 691 757 768 νυμφεῖα,
780 685 861 765 quod
885 686 945 749 alio
966 685 1033 750 loco
1050 686 1218 767 Sophocleo
1238 683 1330 768 [Ant.

166 796 227 861 568
248 795 332 858 α’λλοὲ
359 797 480 867 κτενεῖς
499 797 644 875 νυμφεῖα
663 795 722 855 τοῦ
745 795 869 855 σαυτοῦ
887 793 1035 874 aearum]
1063 810 1210 873 sponsam
1237 789 1333 873 signi-

166 903 249 968 ficat.

247 1023 547 1106 Νυμφεύμαια
590 1022 722 1103 denique
767 1021 806 1085 de
845 1022 1042 1086 matrimonio
1079 1021 1253 1086 adhibitum
1283 1025 1333 1086 est

166 1131 230 1196 OR.
253 1130 322 1197 980.

249 1256 318 1319 Alia
342 1273 392 1318 res
414 1258 461 1317 est
483 1253 520 1317 de
540 1253 584 1316 eis
603 1269 682 1334 quae
705 1259 887 1333 sequuntur,
916 1270 998 1334 quac
1028 1253 1130 1334 ipsum
1157 1270 1331 1316 sermonem

165 1363 330 1427 homimum
352 1360 546 1440 loquentium
567 1359 756 1423 describunt.
795 1358 981 1423 Mandatum
1001 1360 1081 1424 enim
1099 1359 1181 1440 quod
1203 1357 1333 1423 facimus

168 1469 216 1532 vel
238 1468 285 1532 ius
308 1467 472 1530 iurandum
494 1470 622 1546 propter
646 1483 753 1529 vocum
776 1465 825 1528 vel
848 1467 1080 1531 enuntiatomm
1101 1449 1333 1530 multitudinem

166 1576 260 1637 etiam
281 1573 438 1654 plurative
461 1573 615 1635 enuntiari
641 1573 766 1652 poterit.

253 1680 327 1743 Tale
350 1686 399 1743 est
420 1679 651 1742 ἐπιστολαί
664 1677 689 1760 ¹)
714 1679 921 1762 (mandatum,
951 1698 1013 1744 non
1036 1679 1172 1758 litterae)
1196 1677 1333 1742 alienum

168 1787 207 1850 ab
235 1787 385 1862 Homero,
415 1785 582 1866 probatum
618 1790 722 1850 tamen
754 1787 904 1866 Aeschylo
936 1786 1006 1850 Pro.
1040 1790 1067 1850 3.
1098 1785 1148 1850 Pe.
1179 1783 1248 1850 785.
1279 1785 1332 1849 Su.

169 1894 258 1957 1093.
290 1892 328 1956 fr.
359 1891 418 1956 985
450 1890 594 1964 οἰκούσας
619 1893 677 1966 τας
707 1893 789 1974 ἔμας
817 1891 993 1966 ἐπιστολάς
1028 1899 1059 1957 et
1094 1890 1236 1973 Sophocli
1269 1889 1332 1956 OG.

169 1999 258 2064 1601.
290 1999 361 2062 Tra.
385 1999 446 2063 493
467 1997 568 2079 λόγων
590 1999 774 2074 ἐπιστολάς.
799 2002 845 2064 Ar.
864 2000 933 2066 781.
953 2000 991 2064 fr.
1017 2002 1076 2064 130
1094 1999 1199 2082 μηδὲν
1221 2002 1333 2081 φοβεῖ-

169 2111 252 2170 σθαι
273 2105 487 2188 προσφάτους
508 2104 693 2179 ἐπιστολάς.
727 2107 920 2187 Singularem
937 2125 1037 2188 neque
1053 2106 1224 2187 Aeschylus
1247 2099 1335 2169 exhi-

165 2211 235 2276 buit
251 2231 351 2293 neque
374 2212 552 2292 Sophocles

250 2335 336 2412 Quod
358 2336 396 2399 ad
422 2331 544 2417 ὅρκος
568 2335 691 2415 attinet,
712 2335 866 2400 Homerus
888 2336 1076 2416 singularem
1100 2336 1199 2400 solum
1220 2336 1335 2417 posuit,

167 2443 241 2506 itum
259 2442 438 2521 Aeschylus,
461 2443 512 2525 qui
534 2442 647 2522 plurali
666 2442 709 2505 eis
732 2446 852 2506 tantum
876 2442 950 2507 locis
964 2459 1039 2507 usus
1056 2448 1114 2524 est,
1137 2442 1187 2507 ubi
1211 2442 1248 2507 de
1264 2443 1333 2523 plu·

168 2549 252 2612 ribus
281 2548 456 2612 hominihus
486 2550 602 2628 agitur.
647 2548 747 2612 Aliter
778 2548 944 2629 Sophocles
976 2548 1018 2612 ad
1048 2567 1144 2613 uuum
1175 2548 1333 2613 homiuem

168 2651 256 2736 ὅρκοι
279 2655 402 2719 rettulit
424 2655 495 2718 Ant.
518 2657 590 2719 394.
610 2656 656 2719 Ai.
677 2656 766 2719 1193.

239 2775 352 2859 ’Άραι
373 2779 459 2859 apud
476 2779 663 2860 Aeschylum
681 2779 758 2843 neae
781 2787 854 2843 sunt
870 2779 1064 2862 maximeque
1078 2779 1108 2841 in
1127 2778 1333 2842 Eumenidum

168 2884 272 2948 fabula
286 2887 442 2964 leguntur,
465 2888 547 2966 apurl
567 2886 747 2966 Sophoclem
770 2894 876 2949 autem
887 2886 1036 2949 moralem
1058 2884 1176 2949 habeut
1197 2886 1256 2948 rim
1279 2887 1334 2948 im·

166 2992 355 3071 precationis
378 2998 475 3074 atque
498 2993 737 3056 exsecrationis:
759 2991 807 3055 ΕΙ.
827 2992 906 3056 1419
928 2991 974 3054 ch.
997 2991 1141 3056 011295.
1167 2993 1239 3055 Ant.
1262 2993 1333 3057 497.

169 3095 231 3161 OC.
253 3099 311 3160 154
321 3097 369 3176 ch,
391 3100 451 3162 959
476 3107 510 3162 et
530 3090 616 3161 alibi.

247 3221 345 3285 Porro
362 3219 480 3285 κτύποι
491 3223 563 3286 Pru.
582 3220 643 3286 948
666 3220 745 3304 (τοῖς
757 3224 945 3302 μεταρσίοις
958 3218 1092 3294 κτύποις
1110 3221 1240 3302 πιστός)
1262 3240 1334 3286 con-

172 3327 312 3406 temptim
335 3327 449 3391 dictum
473 3335 533 3407 est3
555 3327 722 3422 Sophocles
739 3326 928 3405 singularem
947 3332 1070 3390 tantum
1091 3328 1209 3408 posuit.

249 3449 396 3513 Eiusdem
417 3451 540 3529 generis
568 3454 642 3513 sunt
674 3449 826 3532 appot:
855 3448 918 3515 OG.
950 3449 1008 3513 102
1036 3449 1107 3512 κατ’
1136 3449 1247 3532 oppia
1275 3453 1336 3526 τοὶς

164 3553 363 3629 ’Λπόλλωνος
393 3555 522 3638 (ceteris
560 3562 664 3619 autem
693 3556 769 3621 locis
794 3555 890 3620 habes
910 3555 1118 3638 singularem)
1156 3562 1188 3621 et
1218 3561 1333 3639 βοαίε

166 3659 240 3724 Ant.
265 3662 339 3726 1021
364 3661 434 3725 ov'rl'
455 3657 542 3744 ὅρνις
563 3661 724 3748 εὐσήμους
743 3662 948 3744 ἐπιρροιβδεϊ
964 3661 1056 3744 βοάς.

251 3783 429 3850 Consonum
460 3792 509 3849 est
540 3785 623 3868 quod
649 3802 800 3850 sonorum
828 3803 952 3868 quoque
973 3785 1145 3850 multitudo
1166 3786 1214 3852 his
1235 3787 1335 3851 uomi-

168 3889 261 3953 uibus
286 3893 490 3972 exprimitur:
512 3895 744 3974 μοκηθμοί,
768 3891 852 3974 quod
876 3891 1009 3972 legimus
1031 3891 1193 3972 Sophoclis
1214 3893 1251 3958 fr.
1278 3896 1336 3958 153

234 4103 258 4171 1)
280 4101 421 4172 Epistolae
439 4104 533 4158 autem
550 4118 583 4157 ex
601 4103 729 4175 analogia
748 4103 865 4174 pluralis
882 4103 994 4161 litterae
1013 4106 1078 4160 sunt
1095 4103 1216 4175 positae:
1236 4101 1334 4159 lustin.

160 4184 182 4241 1.
199 4185 268 4252 th.
285 4187 335 4254 o,1,
353 4183 423 4245 Pliu.
440 4203 483 4257 ep.
501 4185 552 4242 X5
571 4190 601 4243 et
619 4189 660 4244 15.
698 4243 699 4248 ,
