2964 4814
712 271 752 331 38

153 457 184 515 et
204 469 365 533 quousque
387 449 418 512 in
441 447 571 526 singulis
594 447 780 511 carminibus
802 447 950 528 patuerit,
979 446 1056 511 nihil
1085 449 1158 513 mihi
1190 449 1229 515 de
1259 450 1320 516 hac

152 576 187 622 re
209 557 284 622 certi
304 556 364 619 dici
387 571 477 635 posse
500 553 633 632 videtur,
654 553 841 634 praesertim
857 571 924 617 cum
947 553 1063 619 scholia
1078 555 1152 620 nihil
1176 557 1318 623 tradant.

155 664 224 741 Qua
246 662 283 725 de
304 680 339 725 re
363 667 469 724 utrum
489 658 542 723 ille
564 664 668 723 motus
691 677 812 740 semper
834 677 919 723 mera
936 660 1062 724 saltatio
1083 661 1180 726 fuerit
1207 681 1248 726 an
1271 663 1319 727 in-

154 769 289 849 terdum,
312 767 363 831 ubi
386 765 578 846 coryphaeus
600 765 696 830 verba
712 765 751 829 ad
772 770 873 830 totum
892 765 1020 831 chorum
1039 769 1230 849 pertinentia
1251 769 1321 850 pln-

154 877 255 940 rative
286 873 510 952 conformabat,
538 872 588 952 (cf.
610 871 685 936 iliud
707 872 939 954 ἐξευχόμεσθα
962 873 1015 937 Su.
1029 875 1102 954 281)
1132 875 1206 939 nihil
1235 875 1321 940 aliud

155 982 248 1046 fuerit
271 986 366 1060 atque
383 980 518 1059 capitum
540 980 662 1042 nutatio
683 979 731 1042 vel
754 960 952 1062 tale'qunr),
976 980 1058 1059 quod
1083 980 1174 1045 hodie
1196 999 1323 1063 quoque

156 1088 187 1152 in
213 1104 325 1152 scaena
347 1085 393 1166 fit,
417 1104 494 1149 eum
517 1085 684 1166 singularis
706 1102 841 1165 persona
861 1105 917 1166 pro
941 1087 1153 1169 compluribus
1174 1087 1324 1170 loquitur,

158 1195 248 1258 doleo
272 1212 320 1257 me
342 1193 470 1257 nescire.
508 1192 574 1256 Hoc
596 1197 698 1256 aunem
731 1197 877 1256 constare
904 1198 992 1274 puto,
1025 1212 1095 1258 cum
1124 1193 1321 1275 coryphaeus

157 1301 222 1364 siue
252 1299 367 1380 plurali
391 1298 460 1380 (Su.
483 1301 538 1362 281
567 1296 814 1379 ἐξευχόμεσθα)
849 1299 913 1362 sive
943 1300 1091 1380 singulari
1120 1300 1229 1381 (Hipp.
1261 1306 1322 1365 709

156 1403 299 1489 ὄμνυμι)
316 1426 371 1487 pro
394 1412 462 1469 toto
484 1406 576 1469 choro
600 1405 722 1469 locutus
743 1409 792 1469 est
814 1405 905 1488 eique
926 1423 982 1486 per
1006 1406 1158 1487 pluralem
1183 1406 1250 1489 (Su.
1263 1409 1324 1472 283

158 1518 339 1598 μυθεῖσθε,
370 1503 462 1593 Hipp.
486 1517 540 1573 711
573 1512 676 1585 καλῶς
697 1511 845 1594 alchana)
875 1513 1091 1594 respondetur,
1121 1520 1237 1579 motum
1266 1513 1323 1578 ali·

160 1640 250 1703 quem
282 1639 300 1684 a
329 1620 422 1684 choro
451 1619 565 1682 factum
595 1637 663 1682 esse
688 1618 811 1682 debere.
861 1619 947 1683 Idem
980 1620 1061 1684 enim
1084 1620 1189 1684 valent
1219 1628 1325 1686 motus

160 1729 377 1794 charantanum
407 1744 467 1788 non
499 1725 691 1804 loquentium
722 1727 803 1806 qurod
826 1725 909 1790 illins
938 1726 1029 1790 unius
1049 1745 1200 1807 personae
1220 1728 1326 1792 verba.

159 1835 260 1898 Porro
290 1833 342 1896 rubi
372 1832 483 1897 chorus
514 1833 651 1913 loquitur
673 1837 727 1896 aut
747 1837 868 1897 actores
887 1832 1013 1897 chorum
1035 1833 1233 1914 compellant,
1254 1853 1324 1899 eum

160 1941 252 2006 modo
274 1940 403 2020 pluralis
425 1939 515 2002 modo
539 1939 705 2017 singularis
734 1938 859 2017 legitur,
888 1941 944 2022 hoe
971 1945 1054 2002 certe
1083 1944 1140 2004 aut
1163 1941 1326 2004 vivacitati

160 2047 270 2112 Graeci
300 2047 413 2125 ingenii
444 2046 538 2110 tribui
574 2052 679 2126 potest
706 2053 763 2109 aut
793 2046 904 2110 chorus
935 2065 1003 2110 eum
1032 2046 1210 2127 appellatur
1245 2065 1325 2112 unas

161 2159 268 2234 partes
290 2171 383 2232 agere
415 2171 451 2216 ae
478 2171 534 2232 pro
567 2171 627 2215 uno
651 2169 720 2215 esse
744 2152 894 2215 histrione
916 2152 942 2214 ei
964 2170 1119 2232 personae
1148 2154 1234 2216 visus
1266 2159 1326 2232 est,

162 2277 241 2339 quae
267 2259 351 2322 illnm
368 2258 567 2339 adloquitur.
611 2259 711 2338 Saepe
739 2263 844 2321 autem
867 2258 1025 2338 accidisse,
1052 2263 1087 2322 ut
1113 2259 1160 2322 vel
1188 2259 1326 2340 optimus
1423 2281 1426 2286 ·

161 2373 265 2446 poeta,
287 2383 355 2428 cnm
376 2366 541 2444 singularis
558 2366 660 2428 versui
675 2364 764 2428 facile
784 2364 1051 2445 accomodaretnr,
1073 2365 1204 2446 pluralis
1217 2373 1329 2432 eontra

161 2471 361 2536 difficultates
381 2479 519 2553 pararet,
550 2471 649 2548 illum,
679 2489 741 2534 non
763 2471 846 2534 hunc
869 2489 1030 2549 numerum
1051 2472 1270 2552 praehaberet‚
1293 2472 1325 2536 irl

163 2578 313 2657 exemplis
336 2596 397 2641 non
422 2579 567 2658 prolatis,
589 2578 698 2657 siquis
722 2583 833 2658 poetas
850 2578 972 2656 integro
993 2595 1067 2642 usus
1085 2578 1326 2658 iudiciolegerit‚

163 2683 254 2747 facile
277 2685 435 2748 concedet.
479 2684 539 2749 Sed
555 2684 680 2764 longius
694 2702 743 2747 me
762 2702 830 2747 esse
843 2690 1034 2765 provectum,
1051 2703 1146 2766 quam
1162 2686 1327 2766 proposita

163 2793 242 2852 ratio
274 2790 472 2871 postulabat,
510 2791 620 2855 sentio.
664 2791 793 2870 lamque
821 2790 878 2854 tibi
910 2790 1051 2871 exempla
1080 2790 1209 2855 afferam
1232 2790 1328 2856 haec:

166 2897 206 2959 Et
219 2897 299 2976 apud
317 2896 503 2979 Aeschylum
522 2895 774 2977 quirlamSu.545
791 2897 921 2975 legimus
936 2897 966 2959 in
978 2898 1117 2977 stasimo,
1139 2896 1219 2978 quod
1240 2904 1328 2961 totns

166 3003 276 3066 chorus
287 3002 673 3083 recitasseputandusest:
694 2994 1328 3084 Διάςτοιγένοςεύχόμεθ’εἶναιγᾶςᾰπὸ

163 3107 390 3172 τᾶσδᾜνοικοι.
408 3111 443 3172 ln
453 3111 594 3189 sequenti
603 3117 707 3173 autem
718 3128 820 3187 versu,
828 3110 882 3190 qui
893 3128 912 3172 a
924 3110 1058 3174 secunda
1066 3109 1198 3190 stropha
1208 3111 1328 3174 initium

163 3215 248 3295 facit,
272 3215 437 3292 singularis
453 3215 538 3278 verbi
551 3216 674 3296 positus
690 3223 754 3280 est:
777 3214 963 3279 παλαιόνδο
984 3214 1028 3289 εἰς
1049 3215 1139 3296 ἴχνεα
1153 3223 1329 3297 μετέσταν.

164 3321 231 3397 Quo
245 3320 308 3383 loeo
321 3326 404 3383 certa
418 3339 512 3384 causa
523 3327 645 3401 poetam
659 3329 844 3387 commotum
861 3341 938 3403 esse,
964 3330 998 3386 nt
1010 3342 1170 3387 numerum
1182 3328 1329 3402 mutaret,

164 3425 249 3490 credi
266 3444 326 3487 non
349 3425 450 3490 debet.
484 3427 519 3489 ln
533 3427 594 3489 alio
616 3433 722 3490 autem
735 3428 823 3492 huius
841 3427 966 3492 fabulae
983 3430 1112 3493 stasimo
1131 3431 1245 3510 optime
1266 3429 1325 3492 sibi

163 3550 224 3594 non
247 3536 372 3596 constat
393 3536 495 3612 poeta.
538 3532 618 3595 Nam
641 3534 671 3595 in
691 3552 780 3597 versu
804 3536 950 3617 785sqq.‚
975 3536 1027 3598 ubi
1050 3535 1146 3599 habes
1168 3535 1327 3600 τίπεισό-

162 3644 292 3721 μεσθα;
321 3642 385 3701 ποῖ
410 3636 562 3721 φύγωμεν
592 3640 700 3713 Ἀπίας
725 3639 863 3723 χθονός
893 3642 993 3722 μέλας
1017 3648 1170 3723 γενοίμαν
1198 3644 1324 3716 καπνός

240 3884 266 3949 1)
284 3880 356 3934 Nam
376 3877 516 3946 Euripidis
534 3877 618 3946 Hipp.
639 3895 662 3930 v.
686 3878 746 3948 709,
773 3877 820 3931 ubi
838 3877 955 3947 legimus
975 3878 1122 3948 coryphaei
1141 3881 1240 3942 ὄμνυμι,
1259 3880 1339 3935 nobis

168 3964 280 4032 quidem
299 3965 410 4018 chorum
437 3963 499 4016 illos
517 3966 608 4016 motus
634 3962 662 4014 in
681 3962 741 4016 iure
767 3961 883 4015 iurando
902 3962 1020 4017 usitatos
1037 3963 1131 4018 fecisse
1151 3981 1233 4031 quam
1251 3964 1337 4018 salta·

164 4050 233 4104 visse
252 4049 341 4103 multo
360 4046 417 4102 veri
432 4046 548 4102 similius
568 4046 685 4101 videtur.
