2964 4814
683 284 831 343 59⁴

202 464 239 522 11
245 457 390 537 άγοι’);
419 458 477 538 Ag.
502 458 561 524 348
590 461 656 523 τῶν
677 460 867 544 ὑπαιθρίων
890 461 1068 544 πάγων-
1091 463 1166 527 Ant.
1191 462 1287 526 35ch

119 561 294 656 δυσαύλων
316 564 432 646 πάγων
453 565 581 647 αἴθριον.

202 694 239 752 11
246 687 416 772 stupor),
439 690 523 772 quod
548 690 751 754 derivandum
774 709 844 756 esse
866 711 977 757 censeo
1009 712 1047 757 ex
1077 698 1180 774 etymo
1204 693 1292 774 πλαγ

121 795 306 879 (πλήσσω),
345 795 418 860 licet
452 797 546 860 aliam
583 797 757 879 opinionem
792 798 1020 880 Schmidtiusssl
1064 799 1198 878 habeat,
1239 800 1291 881 qui

124 903 239 967 reiecto
262 902 315 966 illo
336 902 477 986 πλήσσω
498 922 566 967 eam
588 922 695 968 vocem
728 904 854 969 dicata
882 906 986 971 Poeno
1010 907 1109 988 'pelag
1138 906 1292 988 proficisci

123 1015 156 1073 et
192 1008 318 1092 πελάγη
353 1029 422 1074 esse
455 1010 530 1075 Das
559 1011 653 1076 Meer
683 1012 719 1076 ιἰι
746 1011 860 1095 Βιιιιγ
887 1013 952 1096 anf
974 1014 1062 1079 scine
1089 1015 1177 1080 weilo
1205 1014 1292 1101 Ans·

124 1117 281 1197 διλιιιιιιη.
313 1117 377 1179 Iam
401 1117 553 1182 Homerus
578 1116 636 1182 od.
658 1122 750 1181 ε335
772 1118 852 1192 άλδς
874 1120 910 1183 ἐν
933 1119 1144 1202 πελάγεσσιν.
1175 1120 1292 1184 Eodem
1415 1115 1418 1120 ’

126 1223 215 1288 modo
239 1222 424 1304 Sophocles:
455 1224 502 1287 Ai.
526 1225 585 1288 702
605 1225 749 1306 Ἰκαρίων
770 1223 856 1309 ὑπὲρ
876 1225 1044 1307 πελαγέων
1059 1225 1178 1308 μολών.
1218 1228 1294 1291 Ant.

126 1335 186 1395 966
217 1330 311 1412 παρά
343 1331 381 1394 δὲ
414 1337 570 1396 Κυανέων
598 1332 765 1413 πελαγέων
796 1332 937 1413 διδυμάς
965 1332 1052 1407 ἁλός.
1102 1335 1195 1399 Falso
1206 1335 1232 1414 ⁴)
1261 1335 1294 1398 in

126 1437 283 1502 codicibus
320 1442 393 1519 post
425 1437 592 1518 delapsos
622 1438 751 1502 additur
781 1442 928 1521 πετρῶν,
958 1440 1141 1521 explicando
1170 1440 1295 1521 quidem
1323 1503 1326 1507 .

128 1553 272 1608 κυανέων
293 1545 458 1624 adiectum,
479 1563 539 1607 non
561 1544 601 1608 ab
622 1545 727 1626 inepte
749 1547 884 1627 quodam
905 1547 1135 1627 interpretante
1157 1547 1211 1611 sed
1234 1565 1296 1627 quo

128 1651 254 1734 πελάγη
275 1651 468 1731 expellatur.
518 1634 715 1716 Dindorfium
742 1653 868 1734 quidem
899 1653 1061 1718 Wieseleri
1088 1654 1295 1718 coniecturam

130 1757 302 1824 σπιλάδων
324 1758 477 1839 recepisse
500 1759 605 1823 miror.

213 1882 282 1947 Huc
305 1883 394 1946 traho
415 1883 508 1946 etiam
532 1883 698 1966 orr'ppl)
719 1884 803 1964 quod
825 1883 940 1963 iegitur
962 1885 1019 1964 Ag.
1043 1886 1122 1948 1264
1140 1887 1298 1966 (μαντεῖα

130 1989 207 2072 περὶ
236 1989 313 2073 δέρη
341 1987 468 2072 στέφη)
498 1994 530 2052 et
565 1987 640 2054 cho.
677 1994 717 2054 94
757 1995 790 2054 et
819 1990 884 2055 ΟΒ.
914 1992 975 2056 913
1007 1988 1082 2053 τάδ’
1119 1992 1155 2054 ἐν
1190 1995 1299 2074 χεροῖν

133 2106 238 2182 στέφη
257 2094 414 2180 λαβούση.

676 2373 754 2455 54.

219 2516 284 2594 Age
314 2534 396 2580 nunc
425 2516 585 2579 videamus
618 2515 655 2578 de
695 2515 858 2580 moralium
887 2515 1051 2580 verborum
1081 2515 1192 2596 plurali
1226 2515 1299 2596 quid

135 2623 332 2688 iudicandum
356 2624 405 2702 sit,
429 2631 597 2703 postquam
623 2622 661 2686 de
683 2621 900 2703 corporalibus
921 2625 999 2687 satis
1022 2642 1174 2704 superque
1196 2627 1301 2686 actum

136 2736 194 2796 est.
226 2731 445 2795 Praetermitto
468 2737 572 2792 autem
596 2728 654 2794 hoc
677 2729 744 2793 loco
767 2747 846 2809 quae
863 2731 957 2794 ceteri
973 2748 1095 2812 quoque
1111 2730 1302 2794 Graecorum

138 2841 305 2920 scriptores
326 2839 355 2900 in
380 2836 493 2917 plurali
516 2836 687 2917 ponebant,
716 2835 803 2899 velut
833 2837 1020 2918 φροντίδες,
1046 2834 1166 2916 λύπαι,
1187 2835 1305 2899 ὀδύναι

138 2954 171 3011 et
191 2947 253 3010 alia
274 2945 384 3009 multa.
422 2943 503 3008 Nam
530 2961 566 3006 ea
595 2948 717 3006 tantum
750 2942 839 3006 nobis
873 2944 1039 3008 tractanda
1071 2950 1160 3023 sunt,
1190 2941 1302 3023 quibus

140 3052 288 3119 differant
304 3051 414 3131 tragici
435 3069 454 3114 a
476 3050 710 3115 consuetudine.

220 3177 262 3241 Et
282 3175 455 3240 induebant
482 3174 605 3255 quidem
637 3172 789 3254 pluralem
819 3172 951 3236 formam
979 3171 1073 3235 verba
1096 3172 1304 3253 incorporalia
1397 3250 1400 3255 ,

140 3288 221 3369 apud
237 3284 421 3366 Aeschylum
444 3289 476 3346 et
490 3280 671 3362 Sophoclem
693 3286 751 3343 aut
774 3297 844 3343 cum
867 3277 1068 3343 affectionum
1089 3279 1178 3360 quasi
1200 3278 1304 3343 multi·

139 3445 333 3456 ...—..---

211 3535 238 3597 i)
258 3531 374 3601 pruinae
393 3530 448 3583 ita:
472 3526 591 3582 Lucretii
610 3526 637 3580 II
658 3526 717 3579 515.
747 3524 806 3579 521.
834 3523 917 3594 Verg.
937 3522 984 3577 Ge.
1012 3521 1096 3586 1230.
1116 3521 1202 3589 2363.
1238 3521 1304 3576 Hor.

140 3619 229 3674 darm.
248 3617 262 3670 I
279 3616 330 3678 4,4.
367 3613 459 3669 Ovidii
476 3613 542 3668 Met.
561 3610 647 3675 adas.

210 3724 239 3784 2)
255 3717 392 3788 significat
410 3714 497 3785 igitur
518 3712 661 3783 ›Gewoge,
682 3711 858 3780 Geschlagee.
876 3739 909 3748 -
937 3706 1070 3762 Similiter
1084 3723 1205 3775 aequora
1227 3706 1306 3763 Ovid.

143 3805 200 3861 her.
219 3805 293 3870 8‚73:
313 3805 392 3856 trans
410 3815 531 3866 aequora
549 3828 583 3838 -
600 3798 692 3866 rapta.

211 3908 241 3973 3)
260 3925 284 3963 v.
302 3906 321 3959 1.
341 3922 363 3959 c.
381 3902 395 3956 1
413 3919 439 3971 p.
458 3900 509 3954 646
527 3916 586 3966 sqq.

214 4010 243 4078 4)
261 4009 294 4064 cf.
311 4007 418 4062 lexicon
437 4004 495 4059 sub.
516 4004 623 4071 πελάγη.

212 4114 240 4185 5)
261 4114 295 4168 cf.
315 4110 491 4166 Homericum
509 4114 643 4171 στέμματα
661 4106 737 4176 apud
755 4104 881 4160 Juhlium
899 4121 925 4172 p.
945 4101 978 4157 35
996 4118 1035 4170 sq.
