2964 4814
734 234 773 293 26

168 405 234 470 loco
257 406 288 468 in
311 405 440 470 dubium
462 407 565 470 vocari
597 426 658 472 non
681 413 794 489 potest,
824 409 897 489 quin
921 409 972 472 illa
996 428 1110 474 nense
1132 412 1230 475 solam
1253 412 1337 477 dicat

166 513 338 594 pluralibus
358 511 542 598 τεθήξομεν
557 513 678 601 etquis
696 515 753 579 sed
773 515 866 578 etiam
882 516 1149 594 Agamemnonem.
1182 519 1335 583 Similiter

168 621 218 684 Pe.
242 622 302 684 493
328 621 469 686 nuntius:
500 624 530 694 ἒς
560 645 596 683 τε
617 620 823 685 Μακεδόνων
843 620 952 705 χώραν
973 622 1201 704 ἀφικόμεσθα.
1246 625 1336 705 Apud

166 728 349 808 Sophoclem
366 729 446 792 idem
463 727 559 792 habes
581 729 627 793 El.
641 732 716 793 656:
748 728 995 811 Clytaemestra:
1017 719 1044 792 οἳ
1058 728 1336 796 Λύκει”Ἁπολλον

165 833 256 907 ἵλεως
285 833 390 898 κλύων
419 835 476 908 δὸς
507 838 614 900 πᾶσιν
633 835 712 919 ἡμῖν
738 832 851 919 ὥσπερ
874 835 1107 918 ἐξαιτούμεθα.
1151 838 1185 901 10
1207 838 1335 903 vocibus

166 942 245 1005 euim
269 946 374 1006 πᾶσιν
394 941 473 1026 ἡμῖν
494 943 600 1021 regina
615 943 760 1022 seipsam
777 949 810 1006 et
825 944 942 1008 amicos
965 945 1127 1026 intellegit.
1160 945 1221 1009 Sed
1239 945 1334 1008 etiam

168 1050 290 1114 acutius
313 1050 426 1113 dictum
449 1055 514 1126 est3
546 1068 616 1113 nam
639 1049 786 1129 ambigua
807 1031 936 1131 prorsus
958 1053 1053 1114 verba
1075 1057 1107 1115 et
1127 1051 1218 1132 plane
1241 1070 1334 1116 oran·

166 1162 227 1220 tem
251 1157 510 1238 Clytaemestram
534 1156 691 1236 callimus,
722 1163 757 1220 ut
782 1158 912 1222 inimicis
927 1176 1051 1240 quoque
1069 1159 1135 1222 suis
1152 1159 1333 1240 petentibus

166 1263 243 1327 deus
275 1263 448 1327 satisfaciat
476 1264 582 1346 itaque
612 1282 645 1328 se
673 1265 772 1344 ipsam
796 1265 921 1344 puniat,
959 1266 992 1328 id
1021 1265 1104 1346 quod
1132 1271 1227 1346 poeta
1258 1266 1332 1329 milri

163 1371 256 1432 etiam
294 1369 420 1433 vocibus
452 1366 543 1443 ἵλεως
570 1369 674 1434 κλύων
716 1370 940 1450 significavisse
970 1372 1104 1437 videtur.
1155 1373 1253 1436 Porro
1282 1373 1329 1437 ai.

164 1478 307 1550 almarus
330 1477 460 1556 legimus
482 1476 583 1541 Ulixis
603 1477 714 1541 verba:
744 1478 858 1551 ννκτός
885 1479 945 1558 pap
975 1478 1058 1561 ἡμᾶς
1085 1479 1187 1564 τῆσδε
1209 1483 1333 1563 πρᾶγος

160 1581 314 1648 ἄσκοπον
337 1586 403 1663 ἔχει
424 1583 571 1663 περιένος
593 1622 641 1663 -,
673 1603 751 1664 quae
772 1585 812 1647 ad
836 1591 956 1648 ceteros
978 1603 1102 1667 quoque
1124 1587 1258 1651 Graecos
1281 1605 1331 1650 re-

162 1691 289 1756 ferenda
314 1697 395 1770 sunt,
424 1709 554 1770 quorum
585 1695 688 1755 tamen
713 1711 801 1755 neruo
819 1692 919 1757 adest.
965 1693 1112 1757 Eiusdem
1137 1694 1259 1775 generis
1281 1699 1331 1758 est

160 1797 202 1861 ib.
226 1818 252 1860 v.
280 1798 353 1862 1241
378 1816 443 1878 sqq.
488 1799 680 1877 Agamemno
704 1799 785 1861 enim
808 1817 868 1861 rron
899 1817 931 1863 se
955 1801 1053 1863 solum
1082 1801 1135 1864 sed
1165 1800 1259 1863 etiarn
1282 1818 1330 1864 ce-

162 1910 249 1968 teros
271 1904 406 1968 Graecos
430 1905 502 1968 (licit
522 1905 640 1970 verbis:
669 1904 699 1969 εἰ
717 1909 890 1985 πανταχοῦ
911 1905 1099 1988 φανούμεθ’
1128 1908 1163 1968 ἐκ
1188 1905 1331 1988 Τεύκρου

162 2013 264 2092 κακοὶ,
293 2012 370 2074 κούκ
398 2012 529 2093 α’ρκέσει
555 2013 638 2075 ποθ’
658 2011 736 2094 ὑμὶν
759 2012 829 2076 ov'd’
848 2013 1042 2096 ἡσσημένοις
1063 2013 1160 2076 εἴκειν
1182 2014 1222 2077 ib.
1249 2016 1328 2080 1274

161 2119 251 2201 plane
269 2119 349 2183 idem
363 2118 476 2197 habes3
501 2119 637 2184 Teucer:
650 2119 689 2181 ού
704 2119 915 2203 μνημονεύεις
929 2120 1032 2182 οὐκέτ’
1043 2120 1141 2183 ούδὲν
1163 2120 1258 2202 ἡνίκα
1281 2120 1330 2203 ἑρ-

160 2235 241 2290 κέων
263 2227 345 2289 ποθ’
366 2225 451 2307 ὑμᾶς
478 2213 572 2299 οὗτος
600 2227 844 2309 ἐγκεκλημένοος
872 2262 905 2272 -
939 2225 1004 2314 ἤδη
1035 2229 1072 2290 τὸ
1098 2228 1202 2310 μηδὲν
1229 2224 1328 2302 ὄντας

159 2336 195 2397 ἐν
210 2337 317 2416 τροπῇ
331 2334 424 2417 δορὸς
445 2331 597 2418 ἕρρύσατ’
612 2333 723 2398 ἐλθών
741 2336 874 2414 μοῦνος;
902 2334 959 2400 hoc
977 2352 1100 2417 quoque
1122 2335 1187 2399 1000
1215 2355 1252 2398 ex
1271 2337 1325 2417 eie,

159 2442 262 2522 quiin
292 2441 476 2522 pronomine
501 2439 586 2522 ὑμᾶς
615 2441 856 2522 intelleguntur,
892 2460 971 2504 unus
1006 2441 1095 2505 adest
1125 2443 1325 2523 Agamemno.

253 2549 424 2612 Praeterea
452 2547 483 2609 in
518 2565 588 2610 eum
625 2565 788 2610 numerum
824 2546 984 2611 adscribo:
1023 2548 1068 2612 ai.
1100 2549 1190 2612 1277.
1245 2550 1326 2628 nga-

159 2673 301 2720 messino:
335 2654 415 2716 καθ’
447 2652 539 2740 ἡμῶν
566 2640 623 2716 οἶδο
649 2653 825 2735 οἷνοιμωκτὶ
862 2657 984 2734 χανεῖν.
1042 2655 1081 2718 11).
1116 2657 1202 2719 1362.
1236 2658 1324 2722 1399.

158 2763 231 2826 Ant.
262 2766 322 2825 487
350 2759 421 2824 ἀλλ’
451 2760 509 2823 εἴτ’
542 2760 688 2844 α’δελφῆς
718 2760 785 2824 εἴθ’
813 2759 1072 2842 ὁμαιμονεστέρα
1103 2765 1162 2824 τού
1201 2763 1325 2847 πατρὸς

157 2869 235 2953 Ιἡμὶν
270 2869 373 2951 Ζηνός
407 2867 530 2950 ἑρκείου
565 2871 663 2947 κυρεῖ.
715 2867 760 2930 ΕΙ.
792 2869 869 2931 1202
904 2866 943 2930 ού
978 2866 1105 2953 δήποὲλῖ
1140 2869 1219 2954 ἡμῖν
1254 2873 1323 2950 ξομ-

158 2977 248 3060 parde
268 2971 353 3059 ἥκεις
370 2978 495 3053 ποθέω
519 2973 592 3038 OR.
614 2979 672 3036 755
699 2974 872 3054 interrogat
895 2973 1031 3054 Oedipus
1047 2974 1195 3038 Jocasten
1215 2982 1263 3050 τίς
1283 2968 1323 3063 ἦν

157 3106 238 3146 ποτε
267 3082 285 3145 o‘
308 3080 430 3145 τούσδε
452 3081 546 3156 λέξας
574 3081 650 3154 τούς
670 3078 781 3162 λόγους
796 3079 885 3160 ὑμῖν,
910 3079 1017 3161 ymon
1046 3082 1222 3146 Pronolnen
1246 3083 1324 3165 ὑμῖν

157 3190 207 3254 hie
237 3194 362 3270 praeter
389 3188 546 3270 locastae,
575 3205 668 3268 quam
698 3188 749 3252 ille
782 3187 955 3268 compellat,
983 3189 1024 3250 ad
1051 3194 1171 3252 ceteros
1202 3208 1323 3271 quoque

157 3296 335 3360 Thebarum
358 3295 474 3358 incolas
497 3295 642 3376 pertinet,
666 3314 683 3358 e
705 3295 817 3375 quibus
839 3294 951 3358 chorus
974 3295 1041 3374 ipse
1063 3295 1154 3358 adest
1173 3297 1227 3358 sed
1250 3315 1323 3378 quo·

154 3423 222 3468 cum
244 3421 355 3481 nempe
372 3401 508 3482 Oedipus
530 3420 589 3466 000
607 3402 804 3484 colloquitur.
844 3400 1031 3464 Oonleratur
1048 3408 1152 3465 autem
1169 3403 1322 3468 Herodoti

153 3511 209 3574 Vll
231 3513 288 3572 160
311 3497 339 3569 οῗ
361 3511 446 3583 ξεῖνε
467 3511 659 3594 Σπαρτιῆτα
688 3545 715 3555 -
743 3505 820 3571 ὅκου
846 3508 884 3570 δὲ
905 3506 998 3590 ὑμεῖς
1017 3504 1101 3571 οὕτω
1123 3515 1322 3590 περιέχεσθε

152 3621 208 3701 τῆς
229 3615 404 3700 ἡγεμονίης.
448 3615 547 3678 Porro
576 3613 638 3678 huc
661 3620 783 3695 spectat
804 3612 877 3678 OO.
902 3618 950 3695 70,
986 3615 1037 3679 ubi
1061 3615 1198 3696 Oedipus
1219 3616 1321 3681 verbis

152 3715 204 3805 ἆρ’
225 3719 269 3787 ἄν
285 3745 331 3796 τις
353 3719 442 3803 αὐτῷ
462 3722 604 3803 πομπος
624 3723 660 3796 ἐξ
682 3721 774 3803 ὑμῶν
789 3718 900 3802 μόλοι;
920 3720 1024 3801 plures
1041 3722 1165 3786 videtur
1187 3723 1318 3786 interro-

152 3850 239 3914 gare,
267 3848 335 3894 cum
364 3846 443 3892 unus
471 3828 554 3892 solus
576 3836 701 3909 praesto
727 3829 778 3892 sit.
819 3827 866 3890 El.
891 3829 948 3891 391
972 3824 1061 3901 ὅπως
1082 3828 1140 3911 ἀφ’
1163 3829 1255 3909 ὑμῶν
1277 3829 1317 3903 οἱς

154 3934 358 4021 προσωτάτω
381 3933 470 4017 φύγω
489 3953 550 3998 000
570 3937 611 3998 ad
632 3932 924 4014 'Chrysothemidem
945 3953 1038 3998 uuam
1065 3935 1226 3999 referenda
1245 3943 1319 3999 sunt

153 4045 208 4108 sed
231 4043 271 4107 ad
301 4041 379 4105 alias
410 4059 532 4122 quoque
563 4041 772 4121 imprimisque
795 4040 834 4104 ad
863 4039 1124 4121 Clytaemestram
1155 4047 1187 4105 et
1208 4043 1318 4121 Aegis-
