2964 4814
715 257 753 296 ἢῆ

715 299 752 318 ...ι

157 456 281 503 causam
312 435 471 514 suscipiat.
514 433 559 496 Ea
583 437 686 496 autem
711 451 745 497 re
774 434 858 516 apud
880 452 932 498 eos
955 435 1008 514 qui
1032 440 1178 517 spectant
1198 436 1324 502 fabulas

158 545 350 610 scenicarum
372 559 477 605 rerum
495 541 633 605 studium
657 541 765 621 augeri
788 545 928 621 apertum
949 551 1007 606 est.
1045 543 1213 619 Quaeritur
1237 563 1324 623 vero,

157 658 261 716 utrum
283 649 402 729 mulier,
425 666 493 712 cum
516 647 629 728 plurali
652 665 685 711 se
699 648 798 729 ipsam
820 648 904 728 dicit,
927 649 1095 714 masculino
1118 669 1232 730 genere
1256 652 1324 715 sive

158 756 304 822 adieetivi
330 745 462 818 nominis
493 753 558 817 sive
587 753 742 834 participii
766 758 887 833 utatur,
913 754 942 817 id
968 756 1050 836 quod
1074 758 1164 820 multi
1184 764 1215 822 el
1237 759 1325 823 docti

160 865 297 928 homines
316 861 462 941 usurpari
478 865 670 940 putaverunt
691 861 737 923 vel
754 863 847 925 etiam
862 879 942 926 nunc
957 868 1080 943 putant,
1104 882 1143 928 an
1162 864 1236 928 haee
1258 866 1327 946 opi-

159 971 210 1034 nio
233 969 389 1033 reicienda
419 968 470 1031 sit.
513 966 713 1046 Euripideum
737 967 860 1047 quidem
884 987 1054 1032 sermonem
1078 975 1113 1034 ut
1133 972 1324 1050 inquirerem

158 1074 233 1139 mihi
256 1093 317 1137 non
340 1073 497 1153 proposui.
542 1072 587 1136 De
610 1071 777 1153 Aeschyleo
798 1080 830 1137 et
853 1074 1024 1155 Sophocleo
1053 1082 1172 1157 postea.

241 1180 388 1260 Exempla
418 1184 522 1242 autem
551 1178 680 1259 pluralis
707 1179 883 1244 maiestatis
920 1182 1023 1246 inveni
1053 1183 1145 1248 haec:
1180 1184 1227 1247 hi.
1261 1188 1320 1246 775

358 1285 424 1350 τότ’
445 1285 627 1367 α’ντιμωνεῖ
645 1285 752 1349 δεινδν
774 1282 918 1369 ίίρρνμόν
941 1288 969 1350 τ’
991 1291 1077 1363 ἔπος.

366 1388 510 1471 ἄνασσα,
529 1397 597 1466 τοῖς
613 1389 759 1456 ἄλλοισιν
780 1376 921 1475 Ἀργείων
934 1396 1044 1469 ’πέλας

365 1498 457 1579 ἵστω,
480 1501 558 1562 καθ’
575 1500 662 1586 ἡμεῖς
683 1501 712 1563 δ’
735 1495 848 1565 οὔποτ’
870 1503 994 1587 ἐκρήξει
1013 1502 1113 1586 μα’χη.

158 1609 200 1673 ib.
212 1613 298 1672 1139.
313 1608 446 1671 Teucer:
460 1607 498 1670 od
511 1607 651 1688 μᾶλλον,
667 1607 708 1681 αῖς
722 1611 832 1688 ἔοικεν,
850 1605 873 1695 ἢ
883 1609 1083 1697 λοπήσομεν.
1099 1611 1139 1674 ib.
1158 1615 1228 1673 1261
1241 1613 1325 1690 Aga-

159 1823 308 1896 κλύοντες
342 1824 442 1902 ἐσμεν
476 1821 666 1901 αἰσχίστους
705 1821 818 1903 λόγους
843 1823 933 1885 τοῦδ’
963 1824 1020 1886 ὑπ’
1047 1823 1167 1903 α’νδρδς
1195 1824 1323 1904 α’ρτίως.

161 1933 233 1994 Ant.
256 1933 317 1992 634
343 1929 461 1993 Creon:
489 1923 510 2011 ὴ
531 1946 583 1990 σοι
609 1933 670 2008 μὲν
692 1929 784 2012 ἡμεῖς
806 1933 959 2013 πανταχῆ
979 1931 1117 2011 δρῶντες
1146 1931 1251 2014 φίλοις
1282 1931 1323 1996 ib.

161 2041 221 2101 680
247 2035 346 2098 idem:
380 2033 458 2097 κούκ
485 2031 529 2097 δν
550 2039 708 2114 γυναικῶν
737 2033 877 2119 ἥσσονες
904 2037 1076 2119 καλοίμεθ’
1103 2033 1155 2101 ἄν.
1198 2038 1239 2103 ib.
1264 2043 1324 2103 726

160 2145 255 2208 idem:
295 2143 326 2206 οἱ
353 2141 513 2224 τηλικοίδε
542 2143 596 2204 καὶ
625 2142 859 2225 διδαξόμεσθα
888 2144 932 2229 δή
962 2149 1096 2227 φρονεῖν
1122 2143 1179 2206 ὑπ’
1206 2144 1325 2225 α’νδρδς

160 2250 327 2334 τηλικοῦδε
348 2249 409 2336 τήν
431 2249 552 2333 priore,
590 2249 654 2314 ΟΒ.
677 2250 736 2313 437
762 2250 916 2315 Tiresias:
945 2251 1038 2336 ἡμεῖς
1055 2252 1167 2315 τοιοίδ’
1188 2254 1323 2334 ἔφυμεν,

162 2357 203 2431 αῖς
224 2365 285 2438 μέν
307 2375 359 2422 σοι
380 2357 479 2437 δοκεῖ,
500 2360 611 2439 μῶροι.
656 2357 732 2420 Phil.
756 2359 793 2422 91
818 2374 883 2449 sq:
915 2357 955 2419 ον’
975 2358 1035 2438 γαρ
1064 2359 1100 2433 ἐξ
1122 2357 1193 2431 ἑνδς
1222 2360 1325 2433 ποδὸς

160 2464 244 2552 ἡμεῖς
266 2461 428 2527 τοσούσδε
449 2465 532 2544 πρδς
552 2466 630 2544 βίαν
650 2461 849 2543 χειρώσεται.

241 2573 300 2636 Sed
333 2571 426 2635 etiam
447 2571 572 2648 lougius
602 2587 801 2650 progressum
830 2570 959 2651 pluralis
985 2571 1157 2636 maiestatis
1179 2591 1266 2649 usum
1291 2573 1322 2636 in

160 2681 203 2744 eis
227 2678 374 2759 exemplis
397 2677 547 2755 videmus
568 2677 619 2740 nbi
636 2677 717 2741 inter
735 2676 912 2758 loquentem
930 2674 1094 2758 personam
1111 2682 1144 2742 et
1160 2679 1237 2742 alias
1261 2678 1323 2742 iam

158 2804 219 2850 non
236 2783 402 2847 intercedit
419 2785 513 2862 ratio,
537 2783 593 2848 sed
612 2783 651 2846 ad
675 2783 760 2848 illam
783 2783 882 2849 solam
903 2784 1005 2848 oratio·
1019 2785 1166 2864 pertinet,
1186 2784 1217 2848 id
1230 2785 1323 2866 ‘quod

159 2909 254 2972 saepe
284 2888 460 2954 confusione
488 2908 687 2954 numerorum
717 2889 921 2970 intellegitur.
974 2890 1093 2967 Quibus
1123 2893 1154 2954 in
1177 2891 1323 2972 exemplis

157 2997 285 3078 pluralis
304 3013 405 3076 neque
427 2997 623 3060 maiestatem
645 3014 747 3077 neque
771 2983 959 3062 modestiam
974 3015 1074 3078 neque
1092 2997 1184 3062 eliam
1207 3004 1323 3062 certam

158 3104 251 3169 animi
275 3103 471 3167 affectionem
496 3104 649 3184 exprimit.
697 3102 739 3167 Et
762 3105 917 3184 reperitur·
940 3104 1061 3184 quidem
1091 3104 1273 3184 saepissime
1292 3104 1324 3167 in

158 3211 299 3290 dialogis,
321 3210 340 3274 i.
355 3228 381 3274 e.
403 3210 434 3273 in
451 3211 627 3275 cotidianae
644 3209 727 3273 vitae
743 3227 894 3274 sermone.
937 3209 1031 3274 Velut
1046 3210 1128 3290 apud
1140 3209 1322 3291 Sophoclem

158 3317 258 3380 nuntii
290 3316 456 3397 praecipue
486 3316 601 3396 plurali
629 3335 685 3397 pro
714 3316 864 3397 singulari
896 3321 1035 3380 utuntur.
1083 3315 1210 3394 Quare
1240 3315 1323 3380 huno

156 3423 308 3504 pluralem
345 3423 439 3487 etiam
470 3423 502 3486 in
533 3424 635 3487 Attico
667 3441 806 3487 sermone
846 3423 1001 3487 cotidiano
1041 3422 1208 3488 usitatum·
1228 3422 1324 3486 luisse

158 3529 269 3594 debere
300 3529 406 3594 forsan
439 3528 564 3594 dixeris.
624 3529 732 3608 Neque
764 3534 868 3594 tamen
901 3547 1002 3593 sermo
1033 3529 1177 3610 pedester
1209 3528 1323 3609 Lysiae

158 3636 362 3716 similiumque
384 3636 466 3699 idem
489 3635 637 3700 ostendit.
674 3634 833 3713 Quaeres
856 3654 916 3699 non
938 3636 1016 3700 satis
1039 3636 1129 3699 video
1151 3652 1212 3715 quo
1232 3635 1323 3698 morlo

156 3742 302 3822 explicari
332 3742 454 3807 debeat.
505 3742 648 3807 Ceterum
676 3742 759 3823 apud
777 3742 962 3823 Aeschylum
995 3743 1044 3806 ille
1065 3742 1195 3823 pluralis
1226 3741 1322 3805 multo

156 3849 259 3912 rarius
274 3847 397 3928 legitur.
441 3848 487 3912 hb
502 3847 651 3929 Euripide
667 3853 782 3929 autern,
805 3865 895 3930 quem
910 3849 1107 3928 potissimum
1122 3848 1161 3913 ad
1176 3847 1322 3928 pedestre

157 3954 278 4020 dicendi
301 3972 400 4035 genus
422 3972 455 4020 se
474 3953 753 4020 accommodavisse
774 3959 880 4017 notum
904 3960 965 4035 est,
995 3955 1128 4018 maxime
1157 3971 1226 4017 eum
1254 3972 1323 4017 esse

152 4059 307 4142 positum,
338 4063 392 4143 qui
414 4061 590 4126 accuratius
611 4060 690 4126 hanc
713 4078 778 4124 rem
805 4061 997 4142 tractaverit,
1019 4061 1188 4142 intelleget.
