2964 4814
750 250 792 310 to

195 448 327 495 messam
356 446 478 509 otioque
499 444 580 508 quae
608 426 699 490 adest
721 425 868 506 pertinet.
911 421 1058 488 Ceterum
1081 422 1136 486 illa
1159 442 1240 504 qnae
1262 425 1364 492 habes

195 538 260 601 Oa.
271 536 361 609 1086!
366 536 459 599 1092:
476 533 571 615 εἴπερ
585 533 647 614 ἐγω
666 531 782 614 μάντις
804 529 870 610 εἰμὶ
884 528 1084 612 χορεάεσθαι
1105 531 1189 612 πράς
1206 531 1300 616 ἡμῶν
1322 534 1367 608 οἷς

197 645 317 726 ἐπίηρα
344 649 485 724 φέροντα
515 643 583 714 τοῖς
612 640 702 721 ἐμοῖς
727 636 896 720 τυράννοις
930 654 993 700 non
1023 641 1073 701 est
1102 638 1185 719 quod
1221 640 1367 720 pluribus

198 750 356 831 explicem.

279 882 382 960 Atque
406 879 445 944 de
467 877 598 960 pluralis
620 876 707 940 verbi
736 875 885 956 exemplis
914 893 952 941 ex
978 875 1023 938 eis
1051 875 1250 956 carminibus,
1280 893 1365 957 quae

197 1007 217 1052 a
239 987 397 1053 choreutis
419 986 484 1049 sive
505 983 647 1047 omnibus
671 983 736 1046 sive
753 980 961 1062 compluribus
978 981 1178 1061 canebantur,
1202 981 1278 1046 haec
1291 982 1367 1047 hac-

198 1100 310 1159 tenns:
340 1093 499 1156 videamus
524 1107 605 1154 nunc
636 1088 675 1153 de
702 1087 877 1169 coryphaeo
910 1087 984 1168 qnid
1015 1087 1212 1152 indicandum
1237 1089 1288 1153 sit.
1329 1090 1363 1153 Is

198 1201 279 1265 enim
306 1199 398 1263 modo
426 1196 576 1277 singulari
608 1195 694 1260 verbi
725 1195 816 1259 modo
839 1194 952 1276 plurali
979 1194 1090 1260 utitur.
1134 1193 1236 1258 Chore
1257 1200 1365 1260 autem

198 1324 275 1371 voce
295 1304 449 1387 praeibat,
472 1304 556 1368 chori
579 1303 647 1367 loco
670 1320 739 1366 cum
754 1301 960 1365 histrionibus
978 1300 1021 1365 ibi
1038 1300 1104 1364 lere
1122 1317 1298 1365 sermonem
1318 1299 1368 1366 fa-

199 1413 311 1494 ciebat,
332 1412 384 1476 nbi
406 1410 527 1474 iambici
545 1409 681 1474 trimetri
703 1414 786 1490 sunt,
807 1426 879 1471 nam
902 1408 976 1486 eis1)
997 1424 1103 1471 omnes
1124 1407 1216 1471 simul
1235 1405 1368 1474 choreu-

200 1524 253 1583 tae
281 1519 328 1582 nti
359 1536 419 1581 non
449 1522 608 1598 poterant.
652 1516 761 1595 ltaque
787 1515 852 1580 eius
882 1514 973 1596 qnasi
1000 1513 1159 1594 provincia
1187 1514 1266 1579 satis
1295 1521 1368 1580 erat
1411 1532 1420 1543 ’

201 1625 341 1707 amplae).
374 1624 500 1688 Numeri
519 1629 623 1687 autern
640 1640 709 1685 cnm
722 1623 752 1684 in
762 1622 904 1685 oratione
919 1621 987 1685 eius
995 1625 1222 1702 permutantur,
1245 1622 1367 1686 nullum

201 1730 274 1809 lere,
297 1736 333 1794 ut
355 1730 476 1811 opinor,
506 1729 670 1794 discrimen
694 1728 828 1809 perspici
849 1731 962 1808 potest.
1003 1728 1097 1792 Velut
1118 1726 1193 1792 Cho.
1215 1732 1275 1792 932
1298 1746 1369 1811 sqq.

200 1839 414 1920 coryphaeus:
437 1845 541 1901 orara
553 1839 624 1918 μὲν,
646 1836 756 1916 inquit,
780 1824 838 1899 οὖν
853 1835 908 1898 καὶ
922 1834 1027 1898 τῶνδε
1044 1834 1220 1917 συμφοράν
1237 1834 1370 1916 διπλῆν.

334 2036 336 2038 ,
410 1961 484 2025 ἐπεὶ
507 1960 544 2022 δὲ
568 1959 698 2023 πολλῶν
721 1957 871 2040 αἱμάτων
890 1956 1065 2042 ἐπήκρισεν

409 2066 539 2150 τλήμων
559 2066 715 2149 Ὀρέστης,
736 2065 833 2128 τοῦθ’
854 2061 939 2146 ὅμως
959 2064 1156 2147 αἱρούμεθα,

408 2173 590 2255 ὀφθαλμὸν
612 2172 708 2235 οἴκων
729 2172 775 2255 μή
796 2171 1014 2254 πανώλεθρον
1035 2177 1163 2238 πεσεῖν.

202 2294 319 2360 Ibidem
333 2315 426 2360 versu
439 2302 498 2360 847
520 2294 707 2380 ἠκούσαμεν
728 2295 930 2377 acoryphaeo
946 2295 1044 2360 totius
1059 2295 1144 2360 chori
1166 2297 1231 2360 loco
1248 2295 1367 2360 dictum

202 2408 261 2466 est.
285 2402 686 2484 ·P01·1·0Eu.247l2598q.:
709 2402 791 2485 πρὸς
809 2392 894 2484 αἷμα
914 2402 969 2465 καὶ
992 2403 1181 2485 σταλαγμὸν
1194 2399 1369 2484 ἐκματεύο-

202 2527 272 2589 μεν·
290 2508 374 2592 άπέρ
393 2533 430 2572 τε
444 2508 567 2573 πόντον
589 2510 743 2591 άπτέροις
767 2489 957 2596 ποτῆμαστν
973 2498 1080 2594 ἦλθον
1101 2508 1251 2574 dicineo&
1270 2507 1369 2573 οὐδὲν

201 2615 322 2698 ὑστέρα
345 2615 433 2691 raaia
478 2617 535 2681 Hic
556 2634 680 2698 quoque
702 2614 880 2681 differentia
901 2618 985 2681 inter
1006 2634 1151 2682 numeros
1173 2616 1367 2682 intercedere

202 2740 262 2786 non
284 2722 418 2804 viderur,
449 2741 516 2788 cum
539 2741 601 2787 non
623 2723 721 2787 solnm
744 2741 782 2788 ea
802 2721 894 2802 iuria,
926 2741 1006 2804 quae
1026 2723 1190 2805 coryphaei
1211 2724 1276 2788 vice
1296 2723 1368 2788 fun·

201 2829 297 2910 gitur,
321 2848 425 2893 verum
447 2829 542 2894 etiarn
564 2835 687 2894 ceterae
708 2828 850 2894 Orestem
872 2835 1055 2911 persecutae
1077 2848 1163 2893 mare
1191 2831 1368 2911 superavis-

201 2940 271 2999 sent
298 2936 343 3000 ita
366 2944 400 3000 ut
425 2926 533 3000 τ’λθον
556 2935 719 3000 διώκουσα
748 2936 790 3000 ad
813 2954 920 3001 omues
944 2941 1073 3017 spectet.
1115 2935 1199 3001 Idem
1221 2935 1305 3002 cadit
1325 2937 1369 3002 ad

202 3039 338 3105 eiusdem
360 3041 486 3108 fabulae
508 3061 618 3108 versus
641 3047 784 3124 albstat,
807 3043 860 3107 ubi
881 3043 1032 3123 legimns:

272 3269 297 3337 1)
315 3270 349 3324 cf.
365 3271 477 3327 Christii
497 3273 616 3343 Tellung
636 3273 683 3327 des
701 3272 786 3328 Chore
804 3273 842 3326 im
862 3271 999 3327 attischen
1019 3271 1122 3327 Drama
1141 3291 1167 3342 p.
1187 3273 1245 3328 161.

272 3387 299 3455 2)
318 3388 389 3452 Quin
408 3389 493 3443 etiam
511 3389 650 3444 interdum
668 3406 712 3444 eos
731 3390 858 3459 deinceps
870 3390 943 3444 locos
965 3387 1072 3452 recitat,
1092 3389 1140 3456 qui
1154 3389 1267 3444 diversis
1287 3391 1370 3444 artan-

202 3474 248 3525 tur
267 3473 370 3529 metris.
406 3474 491 3528 Velut
511 3475 561 3542 Ag.
582 3473 728 3529 363-378.
763 3475 848 3529 Recte
874 3473 947 3528 enim
973 3472 1041 3527 mihi
1064 3475 1226 3530 Arnoldtius
1253 3479 1289 3545 (v.
1308 3477 1326 3531 l.
1346 3495 1370 3534 c.

202 3575 229 3625 p.
248 3557 293 3625 27)
312 3557 425 3614 Christii
443 3556 599 3625 opinionem
615 3558 738 3611 refutare
756 3557 865 3612 videtur
883 3557 1018 3611 censentis
1036 3561 1149 3626 propter
1161 3562 1298 3614 mactatum
1312 3579 1371 3617 me·

171 3698 177 3713 ‚
204 3642 277 3694 trum
298 3646 461 3711 anapaestos
479 3658 533 3695 non
552 3641 607 3694 iam
628 3642 782 3711 coryphaeo
801 3641 887 3695 tribui
907 3643 1006 3696 debere
1025 3641 1069 3710 (cf.
1089 3642 1106 3694 l.
1128 3659 1149 3696 c.
1171 3662 1215 3712 pp.
1230 3645 1286 3698 193.
1295 3644 1368 3710 212).

203 3724 274 3778 Nam
294 3726 422 3781 hocloco
440 3727 581 3781 trimetros
600 3743 692 3780 versus
711 3729 739 3780 et
751 3730 915 3795 anapaestos
928 3725 1080 3781 arctissime
1091 3726 1164 3780 inter
1183 3744 1211 3782 se
1223 3728 1369 3786 cohaerere

201 3811 327 3877 apertum
349 3815 397 3866 est.
423 3813 458 3866 Et
476 3810 660 3865 Freericksius
677 3826 787 3878 quoque
806 3813 844 3876 (v.
861 3810 881 3864 l.
898 3826 920 3864 c.
940 3828 966 3879 p.
979 3811 1020 3878 13)
1034 3813 1197 3881 anapaestos
1214 3814 1369 3882 coryphaeo

202 3893 286 3950 dedit.
323 3895 366 3948 Ab
385 3913 416 3950 eo
435 3899 530 3950 autem
545 3911 652 3962 scalper
670 3894 726 3948 fere
744 3897 916 3963 anapaestos,
944 3911 1000 3948 non
1026 3895 1061 3948 ab
1086 3895 1212 3952 omnibus
1230 3896 1369 3952 choreutis

204 3977 335 4032 recitatos
353 3995 410 4034 esse
428 3997 461 4034 ex
478 3979 571 4032 indole
590 3995 622 4032 ac
641 3979 748 4033 ratione
771 3978 854 4032 huius
880 3979 962 4035 metri
987 3984 1111 4049 apparet.
1148 3982 1246 4050 Itaque
1264 3983 1369 4038 frustra

203 4062 238 4116 de
258 4062 310 4117 hac
327 4081 356 4119 re
372 4063 557 4119 Freerichsius
573 4065 618 4117 tot
637 4063 723 4118 verba
742 4063 860 4119 effundit
877 4068 914 4133 (v.
921 4065 939 4119 l.
946 4081 967 4118 c.
975 4082 1001 4133 p.
1010 4065 1062 4133 25).
