2964 4814
738 272 774 331 12

252 445 461 511 Discernenda
492 451 597 511 autem
630 463 698 511 osse
732 465 769 510 ea
801 446 961 521 videntur,
993 445 1161 527 inquibus
1195 444 1234 508 ab
1267 445 1335 525 ipso

171 551 311 616 subiecto
357 571 413 617 suo
460 553 674 634 praedicatum
723 551 829 617 differt
867 551 949 615 velut
982 553 1037 632 Ag.
1071 555 1129 616 198
1161 568 1229 632 sqq.
1265 540 1334 614 εὖτ’

168 657 293 742 α’πλοίρι
320 663 470 740 κεναγγεῖ
494 657 665 741 βαρύνουτ’
688 658 838 739 Ἆχαιικός
865 656 955 731 λειός.
994 658 1034 722 ib.
1057 659 1118 724 353
1140 675 1186 739 sq.
1205 661 1338 740 στρατῷ

172 800 209 810 -
233 765 381 845 κέρδεσιν
402 774 603 847 νικωμένους,
625 767 684 830 582
707 784 753 847 sq.
772 770 894 846 Τροίαν
915 764 1043 837 ἑλόντες
1061 764 1179 848 δήποτ’
1194 765 1337 846 Ἀργείων

169 870 283 944 στόλος
294 876 388 945 θεοῖς
398 870 532 955 λάφυρα
538 875 645 935 ταῦτα
651 876 717 945 τοῖς
724 875 802 935 καθ’
807 872 946 936 Ἑλλάδα
953 870 1065 954 δόμοις
1077 869 1338 936 ἐπασσάλευσαν

168 977 306 1059 οἷρχαῖον
337 978 441 1059 γάνος.
485 978 541 1043 Eu.
574 983 635 1043 684
668 998 713 1061 sq.
743 978 859 1043 κλύοιτ’
890 977 934 1042 άν
963 1018 1002 1027 -
1028 979 1173 1062 θεσμόν,
1202 979 1338 1052 Ἀττικός

167 1083 256 1164 λεώς,
278 1083 411 1167 πράτοις
428 1086 519 1159 δίκας
539 1091 710 1168 κρίνοντες.
756 1091 817 1151 950
837 1104 881 1167 sq.
905 1076 928 1172 ἦ
950 1086 1024 1148 τάδ’
1047 1084 1192 1166 άκοόετε,
1212 1085 1338 1159 πόλεως

169 1191 331 1276 φρούριον.

253 1299 352 1364 Aliter
380 1303 487 1365 autem
519 1318 568 1365 res
600 1318 635 1364 se
662 1299 757 1364 habel
784 1301 841 1380 rig.
871 1304 948 1364 llli8
971 1296 1048 1374 άκος
1070 1299 1100 1362 δ’
1122 1298 1337 1385 οόόὲνέπήρ-

167 1424 268 1471 κεσον
298 1407 336 1469 τό
365 1407 412 1491 μή
442 1406 541 1470 πόλιν
570 1444 610 1454 -
637 1411 773 1469 παθεῖν.
819 1407 897 1470 Nam
926 1403 1004 1480 άκος
1030 1406 1127 1470 ου’όὲν
1148 1407 1228 1472 idem
1249 1408 1336 1473 valet

167 1513 251 1595 quod
280 1513 394 1578 πάντα
420 1515 464 1576 τοὶ
492 1509 558 1596 ι’ίκή
586 1551 625 1560 -
663 1513 710 1577 ου’.
767 1515 877 1595 ltaque
907 1516 997 1594 quasi
1039 1519 1183 1578 neutrum
1214 1515 1335 1596 plurale

166 1620 306 1686 hocloco
323 1621 489 1702 habemuse
510 1629 614 1685 tamen
636 1640 697 1684 non
715 1627 763 1684 est
781 1640 836 1685 cuv
856 1640 923 1685 oum
939 1620 1131 1685 Blomfieldio
1148 1623 1334 1687 coniciamus

166 1725 359 1811 ἐπήρκεσεν.
402 1729 481 1792 Nam
504 1730 552 1804 (nt
582 1735 693 1808 postea
722 1728 863 1808 pluribus
893 1726 996 1793 verbis
1022 1732 1220 1809 exponemus)
1249 1729 1333 1810 apud

168 1833 306 1898 Graecos
335 1841 444 1916 poetas
474 1836 620 1916 antiquae
639 1836 772 1898 maxime
793 1835 924 1915 aetatis,
954 1852 1024 1898 cum
1046 1835 1277 1899 multitudinem
1300 1840 1333 1899 et

170 1943 355 2004 varietatem
379 1942 553 2021 exprimere
573 1941 690 2020 volunt,
712 1941 744 2005 id
767 1941 847 2021 quod
865 1940 917 2004 illo
937 1945 1022 2004 certe
1044 1941 1183 2022 exemplo
1205 1941 1334 2022 (πάντα

166 2049 209 2111 τοὶ
224 2044 288 2131 ἄκη
302 2083 339 2094 κ-
352 2047 411 2112 οὐκ
421 2045 622 2134 ἐπήρκεσαν)
638 2047 754 2111 lactum
770 2048 919 2127 videmuS,
931 2047 1027 2111 multo
1044 2049 1169 2129 saepius
1187 2055 1332 2113 nentrum

168 2155 291 2236 plurale
320 2173 389 2219 cum
416 2155 501 2218 verbi
532 2171 661 2217 numero
688 2154 802 2234 plurali
826 2172 920 2234 quam
941 2155 1093 2234 singulari
1114 2156 1250 2234 positum
1274 2162 1332 2220 est.

167 2263 277 2343 ltaque
294 2262 368 2343 quid
381 2261 532 2326 habemus
552 2260 632 2341 quod
649 2259 837 2345 ἐπήρκεσαν
858 2278 919 2324 non
943 2261 1156 2326 retineamus?
1188 2262 1331 2326 Eiusdem

168 2369 291 2448 generis
323 2374 371 2432 est
401 2370 473 2432 Ant.
501 2372 578 2447 1022
615 2367 684 2432 ουδ’
712 2364 797 2448 ὅρνις
827 2366 990 2454 εὐσήμους
1016 2366 1234 2452 άπορροιβόεῖ
1252 2371 1333 2451 βοάς

167 2474 403 2558 ἀνδροφθόρου
424 2477 584 2557 βεβρῶτες
605 2472 743 2557 ἅιματος
771 2475 874 2548 λίπος.
917 2476 986 2555 Quo
1009 2476 1075 2541 loeo
1094 2483 1206 2557 poetae
1227 2479 1330 2541 auimo

165 2577 299 2665 ὄρνιθες
324 2618 346 2625 -
382 2580 422 2644 on>
447 2582 646 2647 obversatum
677 2601 746 2646 esse
776 2583 879 2663 putari
910 2581 1010 2646 (lebet.
1033 2584 1155 2649 -Sed
1186 2587 1217 2647 in
1244 2586 1330 2649 illum

167 2708 328 2755 nnmerum
342 2688 582 2754 adscribendum
598 2695 647 2754 est
667 2690 722 2755 Su.
742 2691 800 2754 735
822 2708 868 2770 sq.
892 2689 969 2762 ἴσως
987 2689 1047 2770 γάρ
1070 2685 1113 2752 όν
1133 2695 1235 2773 κήροξ
1245 2715 1292 2766 τις
1311 2690 1332 2776 ή

164 2802 293 2880 πρέσβη
310 2795 414 2878 μόλοι,
436 2791 527 2878 άγειν
548 2795 702 2871 θέλοντες
723 2798 845 2879 ῥυσίων
866 2794 1061 2879 ἐφάπτορες.

247 2904 397 2969 Similiter
421 2904 500 2968 dixit
521 2903 688 2984 Sophocles
710 2903 787 2967 Phil.
814 2908 872 2966 357
896 2902 1043 2984 στρατός,
1066 2901 1232 2984 ὀμνύντες.
1266 2905 1329 2970 ΟΟ.

168 3014 246 3074 1068
268 3029 314 3092 sq.
336 3006 491 3093 άμβοισις,
514 3009 546 3073 οἳ
563 3011 625 3072 τόν
645 3009 768 3073 ἱππίων
788 3011 925 3091 τιμῶσιν
940 3010 1082 3073 Ἀθάναν
1106 3012 1142 3092 (i.
1157 3031 1181 3075 e.
1199 3013 1329 3094 equiteS,

163 3119 234 3200 qui3
256 3118 400 3200 sequitur
427 3117 544 3180 morale
571 3135 700 3195 nomen,
731 3117 812 3197 quorl
845 3117 1019 3197 corporalis
1048 3119 1145 3182 vicem
1175 3125 1329 3199 praestat,

165 3224 295 3305 pluralis
332 3224 452 3288 relativi
485 3225 700 3305 pronominis).
744 3224 785 3286 Et
806 3223 878 3288 ΟΒ.
910 3229 979 3301 664,
1008 3224 1060 3288 ubi
1092 3225 1222 3304 legimus
1251 3223 1273 3307 ή
1301 3225 1330 3286 δ’

161 3327 249 3411 άπερ
270 3335 351 3411 ξένῳ
373 3335 448 3415 ξένη
470 3332 594 3394 ἔσωσεν
616 3332 714 3411 ἔρνος,
733 3322 799 3395 οἷσι
817 3331 863 3414 μή
876 3330 993 3419 βλάψῃ
1008 3331 1089 3404 θεός
1112 3350 1216 3396 vocem
1241 3335 1330 3414 ἔρνος

161 3439 322 3503 collectiva
344 3438 389 3501 uti
411 3436 639 3517 significatione
661 3456 697 3500 ex
722 3438 839 3501 norisio
862 3444 995 3519 apparet
1019 3440 1153 3518 ἔσωσεν,
1174 3441 1223 3504 cui
1243 3442 1328 3504 nolio

161 3545 395 3610 consuetudinis
407 3545 490 3608 insit.
513 3543 600 3622 Quae
611 3563 809 3608 numerorum
823 3545 1050 3610 vicissitudines
1061 3565 1164 3610 nonne
1176 3548 1328 3627 optimum

162 3658 236 3716 sunt
265 3651 409 3714 indicium
447 3651 625 3714 vivacitatis
663 3651 775 3715 Graeci
810 3652 951 3729 ingenii?
998 3650 1113 3717 Similis
1143 3655 1266 3734 generis
1298 3656 1327 3719 ei

162 3765 236 3823 sunt
252 3758 318 3836 loci,
341 3757 392 3822 ubi
408 3759 540 3838 primum
554 3751 599 3822 ‘de
616 3776 679 3822 una
694 3758 784 3838 quasi
804 3777 821 3821 e
836 3757 1045 3839 compluribus
1062 3759 1178 3824 selecta
1192 3779 1327 3840 persona

164 3865 259 3930 verba
284 3864 379 3946 fiant,
412 3865 522 3929 deinde
550 3865 590 3928 ad
613 3884 720 3930 omnes
742 3870 924 3930 transeatur
948 3865 995 3928 vel
1017 3884 1108 3932 versa
1131 3869 1213 3946 vice,
1243 3869 1329 3932 velut

68 4035 71 4043 ,
163 3971 213 4038 Se.
238 3975 296 4034 178
328 3987 410 4051 sqq.,
438 3970 492 4034 ubi
517 3971 612 4035 habes
634 3970 684 4034 κεί
709 3971 754 4058 μή
774 3995 820 4044 τις
846 3970 945 4056 οἷρχῆς
966 3977 1022 4056 τῆς
1043 3976 1121 4058 ἐμῆς
1150 3973 1328 4039 οἷκοόσεται

160 4077 244 4161 άνήρ
264 4076 341 4156 γυνό
362 4099 398 4138 τε
418 4071 498 4156 χῶτι
520 4081 584 4141 τῶν
605 4083 807 4161 μεταίχμιον,
831 4082 942 4166 ψῆφος
964 4082 1033 4143 κατ’
1057 4081 1167 4145 αὐτῶν
1187 4081 1326 4163 ὀλεθρία
