<?xml version="1.0" encoding="UTF-8"?>
<!DOCTYPE html PUBLIC "-//W3C//DTD XHTML 1.0 Transitional//EN"
    "http://www.w3.org/TR/xhtml1/DTD/xhtml1-transitional.dtd">
<html xmlns="http://www.w3.org/1999/xhtml" xml:lang="en" lang="en">
 <head>
  <title>
</title>
<meta http-equiv="Content-Type" content="text/html;charset=utf-8" />
  <meta name='ocr-system' content='tesseract 3.04.00' />
  <meta name='ocr-capabilities' content='ocr_page ocr_carea ocr_par ocr_line ocrx_word'/>
</head>
<body>
  <div class='ocr_page' id='page_1' title='image "./deusunumeriplur00volpgoog_0039.png"; bbox 0 0 2964 4814; ppageno 0'>
   <div class='ocr_carea' id='block_1_1' title="bbox 722 272 762 336">
    <p class='ocr_par' dir='ltr' id='par_1_1' title="bbox 722 272 762 336">
     <span class='ocr_line' id='line_1_1' title="bbox 722 272 762 336; baseline 0 0"><span class='ocrx_word' id='word_1_1' title='bbox 722 272 762 336; x_wconf 83' lang='lat'><strong>32</strong></span> 
     </span>
    </p>
   </div>
   <div class='ocr_carea' id='block_1_2' title="bbox 154 447 1327 1815">
    <p class='ocr_par' dir='ltr' id='par_1_2' title="bbox 199 447 1176 534">
     <span class='ocr_line' id='line_1_2' title="bbox 199 447 1176 534; baseline -0.005 -17"><span class='ocrx_word' id='word_1_2' title='bbox 199 453 343 517; x_wconf 87' lang='lat' dir='ltr'><strong>nuntius:</strong></span> <span class='ocrx_word' id='word_1_3' title='bbox 376 456 473 525; x_wconf 81' lang='grc' dir='ltr'><em>ποίας</em></span> <span class='ocrx_word' id='word_1_4' title='bbox 494 451 605 516; x_wconf 78' lang='grc' dir='ltr'><em>δὲκαὶ</em></span> <span class='ocrx_word' id='word_1_5' title='bbox 627 453 775 534; x_wconf 75' lang='grc' dir='ltr'><strong>γυναικός</strong></span> <span class='ocrx_word' id='word_1_6' title='bbox 797 454 1011 533; x_wconf 75' lang='grc' dir='ltr'><strong><em>ἐκφοβεῖσ</em></strong></span> <span class='ocrx_word' id='word_1_7' title='bbox 1020 449 1055 512; x_wconf 73' lang='lat' dir='ltr'><strong>1‘i’</strong></span> <span class='ocrx_word' id='word_1_8' title='bbox 1077 447 1176 530; x_wconf 58' lang='lat' dir='ltr'><strong>{inoffi</strong></span> 
     </span>
    </p>

    <p class='ocr_par' dir='ltr' id='par_1_3' title="bbox 199 545 1119 642">
     <span class='ocr_line' id='line_1_3' title="bbox 199 545 1119 642; baseline -0.004 -19"><span class='ocrx_word' id='word_1_9' title='bbox 199 558 350 640; x_wconf 85' lang='lat' dir='ltr'>Oedipus:</span> <span class='ocrx_word' id='word_1_10' title='bbox 372 557 544 642; x_wconf 83' lang='grc' dir='ltr'><strong><em>Μερόπης,</em></strong></span> <span class='ocrx_word' id='word_1_11' title='bbox 565 563 679 640; x_wconf 79' lang='grc' dir='ltr'><strong><em>γεραιὲ,</em></strong></span> <span class='ocrx_word' id='word_1_12' title='bbox 702 558 851 640; x_wconf 79' lang='grc' dir='ltr'><strong><em>Πόλυβος</em></strong></span> <span class='ocrx_word' id='word_1_13' title='bbox 871 545 909 641; x_wconf 77' lang='grc' dir='ltr'><strong>ἧς</strong></span> <span class='ocrx_word' id='word_1_14' title='bbox 930 552 1004 638; x_wconf 79' lang='grc' dir='ltr'><strong><em>ᾤκει</em></strong></span> <span class='ocrx_word' id='word_1_15' title='bbox 1026 566 1119 640; x_wconf 78' lang='grc' dir='ltr'><strong><em>μέτα·</em></strong></span> 
     </span>
    </p>

    <p class='ocr_par' dir='ltr' id='par_1_4' title="bbox 182 663 1120 750">
     <span class='ocr_line' id='line_1_4' title="bbox 182 663 1120 750; baseline -0.003 -21"><span class='ocrx_word' id='word_1_16' title='bbox 182 667 349 731; x_wconf 54' lang='lat' dir='ltr'><strong>nuntius?</strong></span> <span class='ocrx_word' id='word_1_17' title='bbox 371 666 453 729; x_wconf 81' lang='grc' dir='ltr'><strong><em>τίδ’</em></strong></span> <span class='ocrx_word' id='word_1_18' title='bbox 474 665 542 730; x_wconf 73' lang='grc' dir='ltr'><strong><em>ἔστ’</em></strong></span> <span class='ocrx_word' id='word_1_19' title='bbox 563 667 689 750; x_wconf 78' lang='grc' dir='ltr'><em>ἐκείνῃς</em></span> <span class='ocrx_word' id='word_1_20' title='bbox 712 666 807 748; x_wconf 75' lang='grc' dir='ltr'><strong>ὑμὶν</strong></span> <span class='ocrx_word' id='word_1_21' title='bbox 827 667 858 739; x_wconf 84' lang='grc' dir='ltr'><strong>ἐς</strong></span> <span class='ocrx_word' id='word_1_22' title='bbox 881 663 987 748; x_wconf 65' lang='grc' dir='ltr'><em>φόβον</em></span> <span class='ocrx_word' id='word_1_23' title='bbox 1007 673 1120 747; x_wconf 50' lang='grc' dir='ltr'><strong><em>φέροις</em></strong></span> 
     </span>
    </p>

    <p class='ocr_par' dir='ltr' id='par_1_5' title="bbox 238 771 1324 856">
     <span class='ocr_line' id='line_1_5' title="bbox 238 771 1324 856; baseline -0.002 -20"><span class='ocrx_word' id='word_1_24' title='bbox 238 771 319 836; x_wconf 87' lang='lat' dir='ltr'><strong>Nam</strong></span> <span class='ocrx_word' id='word_1_25' title='bbox 343 772 562 853; x_wconf 77' lang='lat' dir='ltr'>pluralibus</span> <span class='ocrx_word' id='word_1_26' title='bbox 592 774 854 856; x_wconf 70' lang='grc' dir='ltr'><strong><em>ἐκμιμεῖσθε</em></strong></span> <span class='ocrx_word' id='word_1_27' title='bbox 883 780 914 836; x_wconf 89' lang='lat' dir='ltr'><strong>ot</strong></span> <span class='ocrx_word' id='word_1_28' title='bbox 936 771 1031 854; x_wconf 75' lang='grc' dir='ltr'><strong>ὑμὶν</strong></span> <span class='ocrx_word' id='word_1_29' title='bbox 1058 772 1243 853; x_wconf 85' lang='lat' dir='ltr'>Oedipum</span> <span class='ocrx_word' id='word_1_30' title='bbox 1264 789 1324 835; x_wconf 92' lang='lat' dir='ltr'><strong>so-</strong></span> 
     </span>
    </p>

    <p class='ocr_par' dir='ltr' id='par_1_6' title="bbox 154 879 1327 1815">
     <span class='ocr_line' id='line_1_6' title="bbox 159 879 1327 960; baseline -0.002 -18"><span class='ocrx_word' id='word_1_31' title='bbox 159 879 232 943; x_wconf 89' lang='lat' dir='ltr'><strong>lum</strong></span> <span class='ocrx_word' id='word_1_32' title='bbox 263 898 362 960; x_wconf 86' lang='lat' dir='ltr'><strong>neque</strong></span> <span class='ocrx_word' id='word_1_33' title='bbox 385 880 526 944; x_wconf 80' lang='lat' dir='ltr'>Iocasten</span> <span class='ocrx_word' id='word_1_34' title='bbox 556 881 650 944; x_wconf 91' lang='lat' dir='ltr'><strong>simul</strong></span> <span class='ocrx_word' id='word_1_35' title='bbox 681 881 761 944; x_wconf 91' lang='lat' dir='ltr'><strong>dici</strong></span> <span class='ocrx_word' id='word_1_36' title='bbox 792 887 826 944; x_wconf 91' lang='lat' dir='ltr'><strong>ut</strong></span> <span class='ocrx_word' id='word_1_37' title='bbox 854 899 913 943; x_wconf 93' lang='lat' dir='ltr'><strong>non</strong></span> <span class='ocrx_word' id='word_1_38' title='bbox 943 898 979 942; x_wconf 85' lang='lat' dir='ltr'><strong>ex</strong></span> <span class='ocrx_word' id='word_1_39' title='bbox 1000 899 1044 958; x_wconf 88' lang='lat' dir='ltr'><strong>eo,</strong></span> <span class='ocrx_word' id='word_1_40' title='bbox 1065 880 1148 960; x_wconf 89' lang='lat' dir='ltr'><strong>quod</strong></span> <span class='ocrx_word' id='word_1_41' title='bbox 1170 879 1221 944; x_wconf 90' lang='lat' dir='ltr'><strong>ille</strong></span> <span class='ocrx_word' id='word_1_42' title='bbox 1242 879 1327 942; x_wconf 91' lang='lat' dir='ltr'><strong>soius</strong></span> 
     </span>
     <span class='ocr_line' id='line_1_7' title="bbox 156 985 1322 1068; baseline 0 -21"><span class='ocrx_word' id='word_1_43' title='bbox 156 985 303 1066; x_wconf 81' lang='lat' dir='ltr'><strong>loquitur,</strong></span> <span class='ocrx_word' id='word_1_44' title='bbox 333 987 413 1050; x_wconf 90' lang='lat' dir='ltr'><strong>itae</strong></span> <span class='ocrx_word' id='word_1_45' title='bbox 433 988 661 1051; x_wconf 87' lang='lat' dir='ltr'><strong>sententiarum</strong></span> <span class='ocrx_word' id='word_1_46' title='bbox 691 1005 807 1052; x_wconf 85' lang='lat' dir='ltr'><strong>conexu</strong></span> <span class='ocrx_word' id='word_1_47' title='bbox 838 994 933 1068; x_wconf 86' lang='lat' dir='ltr'><strong>atque</strong></span> <span class='ocrx_word' id='word_1_48' title='bbox 962 992 1146 1066; x_wconf 85' lang='lat' dir='ltr'><strong>argumento</strong></span> <span class='ocrx_word' id='word_1_49' title='bbox 1167 986 1322 1048; x_wconf 88' lang='lat' dir='ltr'><strong>orationis</strong></span> 
     </span>
     <span class='ocr_line' id='line_1_8' title="bbox 157 1092 1323 1174; baseline 0 -20"><span class='ocrx_word' id='word_1_50' title='bbox 157 1099 242 1156; x_wconf 91' lang='lat' dir='ltr'><strong>recte</strong></span> <span class='ocrx_word' id='word_1_51' title='bbox 263 1093 401 1157; x_wconf 83' lang='lat' dir='ltr'><strong>oondudi</strong></span> <span class='ocrx_word' id='word_1_52' title='bbox 424 1111 543 1158; x_wconf 90' lang='lat' dir='ltr'><strong>censeo.</strong></span> <span class='ocrx_word' id='word_1_53' title='bbox 578 1092 712 1174; x_wconf 87' lang='lat' dir='ltr'>Oedipus</span> <span class='ocrx_word' id='word_1_54' title='bbox 730 1094 811 1158; x_wconf 90' lang='lat' dir='ltr'><strong>enim</strong></span> <span class='ocrx_word' id='word_1_55' title='bbox 831 1094 914 1158; x_wconf 91' lang='lat' dir='ltr'><strong>solus</strong></span> <span class='ocrx_word' id='word_1_56' title='bbox 936 1099 1020 1158; x_wconf 86' lang='lat' dir='ltr'><strong>motu</strong></span> <span class='ocrx_word' id='word_1_57' title='bbox 1034 1093 1178 1171; x_wconf 84' lang='lat' dir='ltr'><strong>afficitur,</strong></span> <span class='ocrx_word' id='word_1_58' title='bbox 1201 1093 1323 1156; x_wconf 82' lang='lat' dir='ltr'><strong>Iocaste</strong></span> 
     </span>
     <span class='ocr_line' id='line_1_9' title="bbox 154 1197 1320 1280; baseline -0.001 -18"><span class='ocrx_word' id='word_1_59' title='bbox 154 1197 268 1262; x_wconf 91' lang='lat' dir='ltr'><strong>iterum</strong></span> <span class='ocrx_word' id='word_1_60' title='bbox 286 1215 323 1263; x_wconf 87' lang='lat' dir='ltr'><strong>ac</strong></span> <span class='ocrx_word' id='word_1_61' title='bbox 345 1200 468 1279; x_wconf 89' lang='lat' dir='ltr'><strong>saepius</strong></span> <span class='ocrx_word' id='word_1_62' title='bbox 491 1201 556 1264; x_wconf 89' lang='lat' dir='ltr'><strong>eius</strong></span> <span class='ocrx_word' id='word_1_63' title='bbox 576 1199 814 1280; x_wconf 83' lang='lat' dir='ltr'><strong>trepidationem</strong></span> <span class='ocrx_word' id='word_1_64' title='bbox 835 1201 947 1264; x_wconf 90' lang='lat' dir='ltr'><strong>sedare</strong></span> <span class='ocrx_word' id='word_1_65' title='bbox 969 1204 1108 1263; x_wconf 81' lang='lat' dir='ltr'><strong>conatur</strong></span> <span class='ocrx_word' id='word_1_66' title='bbox 1143 1197 1231 1276; x_wconf 84' lang='lat' dir='ltr'><strong>Quae</strong></span> <span class='ocrx_word' id='word_1_67' title='bbox 1253 1215 1320 1261; x_wconf 91' lang='lat' dir='ltr'><strong>eum</strong></span> 
     </span>
     <span class='ocr_line' id='line_1_10' title="bbox 155 1303 1323 1386; baseline 0 -20"><span class='ocrx_word' id='word_1_68' title='bbox 155 1303 201 1367; x_wconf 86' lang='lat' dir='ltr'><strong>ita</strong></span> <span class='ocrx_word' id='word_1_69' title='bbox 223 1305 296 1385; x_wconf 89' lang='lat' dir='ltr'><strong>sint,</strong></span> <span class='ocrx_word' id='word_1_70' title='bbox 320 1309 424 1368; x_wconf 90' lang='lat' dir='ltr'><strong>tamen</strong></span> <span class='ocrx_word' id='word_1_71' title='bbox 447 1304 506 1369; x_wconf 91' lang='lat' dir='ltr'><strong>huc</strong></span> <span class='ocrx_word' id='word_1_72' title='bbox 525 1324 584 1370; x_wconf 92' lang='lat' dir='ltr'><strong>non</strong></span> <span class='ocrx_word' id='word_1_73' title='bbox 606 1310 729 1386; x_wconf 89' lang='lat' dir='ltr'><strong>spectat</strong></span> <span class='ocrx_word' id='word_1_74' title='bbox 751 1304 910 1386; x_wconf 84' lang='lat' dir='ltr'>Sophoclis</span> <span class='ocrx_word' id='word_1_75' title='bbox 933 1305 1069 1370; x_wconf 76' lang='lat' dir='ltr'><strong>Ettaan</strong></span> <span class='ocrx_word' id='word_1_76' title='bbox 1093 1303 1133 1368; x_wconf 66' lang='lat' dir='ltr'><strong>ta*</strong></span> <span class='ocrx_word' id='word_1_77' title='bbox 1149 1306 1250 1385; x_wconf 77' lang='grc' dir='ltr'><em>γοναὶ,</em></span> <span class='ocrx_word' id='word_1_78' title='bbox 1272 1326 1323 1384; x_wconf 78' lang='lat' dir='ltr'><strong>yn-</strong></span> 
     </span>
     <span class='ocr_line' id='line_1_11' title="bbox 155 1409 1321 1494; baseline 0.002 -20"><span class='ocrx_word' id='word_1_79' title='bbox 155 1410 209 1474; x_wconf 78' lang='grc' dir='ltr'><strong>ναὶ</strong></span> <span class='ocrx_word' id='word_1_80' title='bbox 232 1409 394 1493; x_wconf 76' lang='grc' dir='ltr'><strong>σωμάτων</strong></span> <span class='ocrx_word' id='word_1_81' title='bbox 414 1412 487 1493; x_wconf 79' lang='grc' dir='ltr'><strong><em>ἐμοὶ</em></strong></span> <span class='ocrx_word' id='word_1_82' title='bbox 509 1412 674 1494; x_wconf 71' lang='grc' dir='ltr'><strong>φιλτάτων</strong></span> <span class='ocrx_word' id='word_1_83' title='bbox 695 1412 822 1494; x_wconf 78' lang='grc' dir='ltr'><strong><em>ἐμόλετ’</em></strong></span> <span class='ocrx_word' id='word_1_84' title='bbox 845 1412 972 1494; x_wconf 74' lang='grc' dir='ltr'><strong><em>ἀρτίως,</em></strong></span> <span class='ocrx_word' id='word_1_85' title='bbox 1006 1413 1045 1477; x_wconf 83' lang='lat' dir='ltr'><strong>de</strong></span> <span class='ocrx_word' id='word_1_86' title='bbox 1067 1430 1129 1493; x_wconf 88' lang='lat' dir='ltr'><strong>quo</strong></span> <span class='ocrx_word' id='word_1_87' title='bbox 1151 1413 1219 1477; x_wconf 81' lang='lat' dir='ltr'><strong>loco</strong></span> <span class='ocrx_word' id='word_1_88' title='bbox 1242 1413 1321 1476; x_wconf 79' lang='lat' dir='ltr'><strong>falso</strong></span> 
     </span>
     <span class='ocr_line' id='line_1_12' title="bbox 156 1517 1324 1602; baseline 0.004 -19"><span class='ocrx_word' id='word_1_89' title='bbox 156 1517 341 1599; x_wconf 66' lang='lat' dir='ltr'><strong>Jacobusd:</strong></span> <span class='ocrx_word' id='word_1_90' title='bbox 360 1520 527 1601; x_wconf 81' lang='lat' dir='ltr'><strong>pluralem,</strong></span> <span class='ocrx_word' id='word_1_91' title='bbox 549 1522 604 1599; x_wconf 87' lang='lat' dir='ltr'><strong>ait,</strong></span> <span class='ocrx_word' id='word_1_92' title='bbox 626 1520 768 1586; x_wconf 80' lang='lat' dir='ltr'><strong>loetitiae</strong></span> <span class='ocrx_word' id='word_1_93' title='bbox 790 1523 917 1602; x_wconf 75' lang='lat' dir='ltr'><strong>siparum</strong></span> <span class='ocrx_word' id='word_1_94' title='bbox 935 1540 1002 1584; x_wconf 82' lang='lat' dir='ltr'><strong>esse</strong></span> <span class='ocrx_word' id='word_1_95' title='bbox 1023 1526 1053 1584; x_wconf 90' lang='lat' dir='ltr'><strong>et</strong></span> <span class='ocrx_word' id='word_1_96' title='bbox 1069 1520 1211 1585; x_wconf 82' lang='lat' dir='ltr'><strong>Orestem</strong></span> <span class='ocrx_word' id='word_1_97' title='bbox 1232 1544 1252 1586; x_wconf 85' lang='lat' dir='ltr'><strong>u</strong></span> <span class='ocrx_word' id='word_1_98' title='bbox 1274 1539 1324 1587; x_wconf 89' lang='lat' dir='ltr'><strong>so-</strong></span> 
     </span>
     <span class='ocr_line' id='line_1_13' title="bbox 154 1627 1321 1710; baseline 0.003 -21"><span class='ocrx_word' id='word_1_99' title='bbox 154 1646 227 1690; x_wconf 84' lang='lat' dir='ltr'><strong>rore</strong></span> <span class='ocrx_word' id='word_1_100' title='bbox 252 1627 435 1707; x_wconf 77' lang='lat' dir='ltr'><strong>compellorc&#39;</strong></span> <span class='ocrx_word' id='word_1_101' title='bbox 461 1629 558 1709; x_wconf 81' lang='lat' dir='ltr'><strong>quasi</strong></span> <span class='ocrx_word' id='word_1_102' title='bbox 586 1629 722 1692; x_wconf 73' lang='lat' dir='ltr'><strong>dixisset</strong></span> <span class='ocrx_word' id='word_1_103' title='bbox 741 1630 838 1709; x_wconf 80' lang='grc' dir='ltr'><strong><em>σῶμα</em></strong></span> <span class='ocrx_word' id='word_1_104' title='bbox 866 1631 1024 1708; x_wconf 81' lang='grc' dir='ltr'><strong>ξνναίμον</strong></span> <span class='ocrx_word' id='word_1_105' title='bbox 1047 1627 1221 1710; x_wconf 72' lang='grc' dir='ltr'><strong><em>φιλτάτους</em></strong></span> <span class='ocrx_word' id='word_1_106' title='bbox 1250 1647 1321 1692; x_wconf 82' lang='lat' dir='ltr'><strong>nam</strong></span> 
     </span>
     <span class='ocr_line' id='line_1_14' title="bbox 160 1732 940 1815; baseline 0.005 -21"><span class='ocrx_word' id='word_1_107' title='bbox 160 1732 232 1795; x_wconf 86' lang='lat' dir='ltr'><strong>mihi</strong></span> <span class='ocrx_word' id='word_1_108' title='bbox 256 1732 382 1796; x_wconf 82' lang='lat' dir='ltr'><strong>Orestes</strong></span> <span class='ocrx_word' id='word_1_109' title='bbox 402 1741 435 1797; x_wconf 91' lang='lat' dir='ltr'><strong>et</strong></span> <span class='ocrx_word' id='word_1_110' title='bbox 456 1734 588 1815; x_wconf 81' lang='lat' dir='ltr'><strong>Pylades</strong></span> <span class='ocrx_word' id='word_1_111' title='bbox 611 1735 762 1814; x_wconf 81' lang='lat' dir='ltr'><strong>appellari</strong></span> <span class='ocrx_word' id='word_1_112' title='bbox 786 1735 940 1798; x_wconf 81' lang='lat' dir='ltr'><strong>videntur.</strong></span> 
     </span>
    </p>
   </div>
   <div class='ocr_carea' id='block_1_3' title="bbox 154 1983 759 2172">
    <p class='ocr_par' dir='ltr' id='par_1_7' title="bbox 154 1983 759 2172">
     <span class='ocr_line' id='line_1_15' title="bbox 726 1983 759 2050; baseline -0.061 0"><span class='ocrx_word' id='word_1_113' title='bbox 726 1983 759 2050; x_wconf 92' lang='lat'><strong>4.</strong></span> 
     </span>
     <span class='ocr_line' id='line_1_16' title="bbox 154 2106 698 2172; baseline 0 0"><span class='ocrx_word' id='word_1_114' title='bbox 154 2108 252 2172; x_wconf 81' lang='lat' dir='ltr'><strong>Aliter</strong></span> <span class='ocrx_word' id='word_1_115' title='bbox 275 2125 324 2172; x_wconf 90' lang='lat' dir='ltr'><strong>res</strong></span> <span class='ocrx_word' id='word_1_116' title='bbox 343 2124 377 2171; x_wconf 90' lang='lat' dir='ltr'><strong>se</strong></span> <span class='ocrx_word' id='word_1_117' title='bbox 398 2107 494 2172; x_wconf 87' lang='lat' dir='ltr'><strong>habet</strong></span> <span class='ocrx_word' id='word_1_118' title='bbox 515 2106 577 2172; x_wconf 82' lang='lat'><strong>00.</strong></span> <span class='ocrx_word' id='word_1_119' title='bbox 606 2112 698 2172; x_wconf 80' lang='lat'>1627:</span> 
     </span>
    </p>
   </div>
   <div class='ocr_carea' id='block_1_4' title="bbox 308 2238 1164 2433">
    <p class='ocr_par' dir='ltr' id='par_1_8' title="bbox 308 2238 1164 2433">
     <span class='ocr_line' id='line_1_17' title="bbox 309 2238 1043 2323; baseline 0.005 -23"><span class='ocrx_word' id='word_1_120' title='bbox 309 2238 405 2301; x_wconf 80' lang='grc' dir='ltr'><strong><em>καλεῖ</em></strong></span> <span class='ocrx_word' id='word_1_121' title='bbox 422 2239 484 2322; x_wconf 66' lang='grc' dir='ltr'><strong>γάρ</strong></span> <span class='ocrx_word' id='word_1_122' title='bbox 507 2238 610 2302; x_wconf 72' lang='grc' dir='ltr'><em>αὐτόν</em></span> <span class='ocrx_word' id='word_1_123' title='bbox 631 2239 738 2304; x_wconf 75' lang='grc' dir='ltr'><strong><em>πολλοὶ</em></strong></span> <span class='ocrx_word' id='word_1_124' title='bbox 760 2239 937 2323; x_wconf 66' lang='grc' dir='ltr'><strong><em>πολλαχθῇ</em></strong></span> <span class='ocrx_word' id='word_1_125' title='bbox 954 2242 1043 2320; x_wconf 68' lang='grc' dir='ltr'><strong><em>θεός,</em></strong></span> 
     </span>
     <span class='ocr_line' id='line_1_18' title="bbox 308 2335 1164 2433; baseline 0.005 -26"><span class='ocrx_word' id='word_1_126' title='bbox 308 2335 336 2407; x_wconf 72' lang='grc' dir='ltr'><strong>οῗ</strong></span> <span class='ocrx_word' id='word_1_127' title='bbox 357 2335 459 2424; x_wconf 78' lang='grc' dir='ltr'><strong><em>οὗτος,</em></strong></span> <span class='ocrx_word' id='word_1_128' title='bbox 483 2335 587 2425; x_wconf 79' lang='grc' dir='ltr'><strong><em>οὗτος,</em></strong></span> <span class='ocrx_word' id='word_1_129' title='bbox 609 2345 776 2425; x_wconf 79' lang='grc' dir='ltr'><em>Οἰδίπους,</em></span> <span class='ocrx_word' id='word_1_130' title='bbox 797 2352 833 2410; x_wconf 89' lang='grc' dir='ltr'><strong>τί</strong></span> <span class='ocrx_word' id='word_1_131' title='bbox 852 2347 1012 2429; x_wconf 78' lang='grc' dir='ltr'><strong>μέλλομεν</strong></span> <span class='ocrx_word' id='word_1_132' title='bbox 1032 2353 1164 2433; x_wconf 82' lang='grc' dir='ltr'><em>χωρεῐν;</em></span> 
     </span>
    </p>
   </div>
   <div class='ocr_carea' id='block_1_5' title="bbox 151 2474 1322 3625">
    <p class='ocr_par' dir='ltr' id='par_1_9' title="bbox 151 2474 1322 3625">
     <span class='ocr_line' id='line_1_19' title="bbox 152 2474 1319 2562; baseline 0.004 -23"><span class='ocrx_word' id='word_1_133' title='bbox 152 2474 220 2553; x_wconf 86' lang='lat' dir='ltr'><strong>Quo</strong></span> <span class='ocrx_word' id='word_1_134' title='bbox 264 2478 404 2558; x_wconf 85' lang='lat' dir='ltr'><strong>exemplo</strong></span> <span class='ocrx_word' id='word_1_135' title='bbox 433 2494 533 2556; x_wconf 87' lang='lat' dir='ltr'><strong>acque</strong></span> <span class='ocrx_word' id='word_1_136' title='bbox 568 2495 604 2541; x_wconf 91' lang='lat' dir='ltr'><strong>ac</strong></span> <span class='ocrx_word' id='word_1_137' title='bbox 633 2477 711 2541; x_wconf 83' lang='lat' dir='ltr'>Phil.</span> <span class='ocrx_word' id='word_1_138' title='bbox 742 2482 818 2557; x_wconf 79' lang='grc'>837,</span> <span class='ocrx_word' id='word_1_139' title='bbox 872 2479 925 2542; x_wconf 90' lang='lat' dir='ltr'><strong>ubi</strong></span> <span class='ocrx_word' id='word_1_140' title='bbox 963 2481 1111 2559; x_wconf 89' lang='lat' dir='ltr'><strong>scriptum</strong></span> <span class='ocrx_word' id='word_1_141' title='bbox 1149 2488 1197 2544; x_wconf 88' lang='lat' dir='ltr'><strong>est</strong></span> <span class='ocrx_word' id='word_1_142' title='bbox 1224 2479 1319 2562; x_wconf 79' lang='grc' dir='ltr'><strong><em>(ὁρᾶς</em></strong></span> 
     </span>
     <span class='ocr_line' id='line_1_20' title="bbox 152 2578 1319 2672; baseline 0.008 -30"><span class='ocrx_word' id='word_1_143' title='bbox 152 2578 231 2672; x_wconf 79' lang='grc' dir='ltr'><strong>ἤδη)</strong></span> <span class='ocrx_word' id='word_1_144' title='bbox 260 2583 342 2663; x_wconf 76' lang='grc' dir='ltr'><em>πρὸς</em></span> <span class='ocrx_word' id='word_1_145' title='bbox 369 2587 405 2645; x_wconf 87' lang='grc' dir='ltr'><strong>τί</strong></span> <span class='ocrx_word' id='word_1_146' title='bbox 421 2586 584 2664; x_wconf 78' lang='grc' dir='ltr'><em>μενοῦμεν</em></span> <span class='ocrx_word' id='word_1_147' title='bbox 605 2583 789 2665; x_wconf 60' lang='lat' dir='ltr'><strong>montuosum</strong></span> <span class='ocrx_word' id='word_1_148' title='bbox 819 2587 920 2664; x_wconf 84' lang='lat' dir='ltr'><strong>prima</strong></span> <span class='ocrx_word' id='word_1_149' title='bbox 946 2585 1075 2665; x_wconf 87' lang='lat' dir='ltr'><strong>pluralis</strong></span> <span class='ocrx_word' id='word_1_150' title='bbox 1101 2605 1237 2665; x_wconf 83' lang='lat' dir='ltr'><strong>persona</strong></span> <span class='ocrx_word' id='word_1_151' title='bbox 1262 2607 1319 2668; x_wconf 81' lang='lat' dir='ltr'><strong>pro</strong></span> 
     </span>
     <span class='ocr_line' id='line_1_21' title="bbox 154 2688 1320 2771; baseline 0.004 -19"><span class='ocrx_word' id='word_1_152' title='bbox 154 2688 323 2767; x_wconf 81' lang='lat' dir='ltr'><strong>singularis</strong></span> <span class='ocrx_word' id='word_1_153' title='bbox 355 2689 491 2754; x_wconf 87' lang='lat' dir='ltr'><strong>secunda</strong></span> <span class='ocrx_word' id='word_1_154' title='bbox 520 2690 623 2770; x_wconf 90' lang='lat' dir='ltr'><strong>posita</strong></span> <span class='ocrx_word' id='word_1_155' title='bbox 654 2696 710 2756; x_wconf 79' lang='lat' dir='ltr'><strong>est.</strong></span> <span class='ocrx_word' id='word_1_156' title='bbox 757 2690 825 2768; x_wconf 82' lang='lat' dir='ltr'><strong>Qua</strong></span> <span class='ocrx_word' id='word_1_157' title='bbox 852 2708 1055 2770; x_wconf 90' lang='lat' dir='ltr'><strong>personarum</strong></span> <span class='ocrx_word' id='word_1_158' title='bbox 1088 2694 1320 2771; x_wconf 84' lang='lat' dir='ltr'><strong>permutatione</strong></span> 
     </span>
     <span class='ocr_line' id='line_1_22' title="bbox 156 2795 1322 2877; baseline 0.005 -20"><span class='ocrx_word' id='word_1_159' title='bbox 156 2795 304 2875; x_wconf 87' lang='lat' dir='ltr'><strong>quidnam</strong></span> <span class='ocrx_word' id='word_1_160' title='bbox 328 2796 454 2860; x_wconf 88' lang='lat' dir='ltr'><strong>tandem</strong></span> <span class='ocrx_word' id='word_1_161' title='bbox 479 2795 635 2860; x_wconf 83' lang='lat' dir='ltr'><strong>efficitur?</strong></span> <span class='ocrx_word' id='word_1_162' title='bbox 675 2796 783 2861; x_wconf 83' lang='lat' dir='ltr'><strong>Mitem</strong></span> <span class='ocrx_word' id='word_1_163' title='bbox 813 2803 908 2877; x_wconf 87' lang='lat' dir='ltr'><strong>atque</strong></span> <span class='ocrx_word' id='word_1_164' title='bbox 928 2797 1034 2860; x_wconf 74' lang='lat' dir='ltr'><strong>&#39;lenem</strong></span> <span class='ocrx_word' id='word_1_165' title='bbox 1066 2796 1146 2862; x_wconf 88' lang='lat' dir='ltr'><strong>hane</strong></span> <span class='ocrx_word' id='word_1_166' title='bbox 1173 2816 1242 2862; x_wconf 90' lang='lat' dir='ltr'><strong>esse</strong></span> <span class='ocrx_word' id='word_1_167' title='bbox 1264 2800 1322 2863; x_wconf 87' lang='lat' dir='ltr'><strong>ad-</strong></span> 
     </span>
     <span class='ocr_line' id='line_1_23' title="bbox 153 2899 1320 2984; baseline 0.003 -20"><span class='ocrx_word' id='word_1_168' title='bbox 153 2899 343 2966; x_wconf 86' lang='lat' dir='ltr'><strong>hortationis</strong></span> <span class='ocrx_word' id='word_1_169' title='bbox 365 2902 495 2966; x_wconf 86' lang='lat' dir='ltr'><strong>formam</strong></span> <span class='ocrx_word' id='word_1_170' title='bbox 527 2921 567 2965; x_wconf 86' lang='lat' dir='ltr'><strong>an</strong></span> <span class='ocrx_word' id='word_1_171' title='bbox 597 2907 645 2966; x_wconf 92' lang='lat' dir='ltr'><strong>est</strong></span> <span class='ocrx_word' id='word_1_172' title='bbox 673 2903 726 2983; x_wconf 89' lang='lat' dir='ltr'><strong>qui</strong></span> <span class='ocrx_word' id='word_1_173' title='bbox 755 2921 816 2966; x_wconf 91' lang='lat' dir='ltr'><strong>non</strong></span> <span class='ocrx_word' id='word_1_174' title='bbox 842 2902 980 2967; x_wconf 78' lang='lat' dir='ltr'><strong>sentiat?</strong></span> <span class='ocrx_word' id='word_1_175' title='bbox 1022 2902 1101 2966; x_wconf 90' lang='lat' dir='ltr'><strong>Nam</strong></span> <span class='ocrx_word' id='word_1_176' title='bbox 1122 2904 1219 2984; x_wconf 89' lang='lat' dir='ltr'><strong>isqui</strong></span> <span class='ocrx_word' id='word_1_177' title='bbox 1243 2904 1320 2968; x_wconf 84' lang='lat' dir='ltr'><strong>talia</strong></span> 
     </span>
     <span class='ocr_line' id='line_1_24' title="bbox 154 3005 1319 3092; baseline 0.005 -23"><span class='ocrx_word' id='word_1_178' title='bbox 154 3007 249 3071; x_wconf 87' lang='lat' dir='ltr'><strong>verba</strong></span> <span class='ocrx_word' id='word_1_179' title='bbox 264 3005 347 3086; x_wconf 86' lang='lat' dir='ltr'><strong>facit,</strong></span> <span class='ocrx_word' id='word_1_180' title='bbox 366 3027 435 3072; x_wconf 88' lang='lat' dir='ltr'><strong>cum</strong></span> <span class='ocrx_word' id='word_1_181' title='bbox 453 3027 510 3089; x_wconf 92' lang='lat' dir='ltr'><strong>per</strong></span> <span class='ocrx_word' id='word_1_182' title='bbox 525 3009 690 3073; x_wconf 89' lang='lat' dir='ltr'><strong>secundam</strong></span> <span class='ocrx_word' id='word_1_183' title='bbox 708 3009 873 3089; x_wconf 82' lang='lat' dir='ltr'><strong>singularis</strong></span> <span class='ocrx_word' id='word_1_184' title='bbox 888 3027 1055 3089; x_wconf 91' lang='lat' dir='ltr'><strong>personam</strong></span> <span class='ocrx_word' id='word_1_185' title='bbox 1070 3027 1150 3091; x_wconf 88' lang='lat' dir='ltr'><strong>eum,</strong></span> <span class='ocrx_word' id='word_1_186' title='bbox 1171 3010 1210 3074; x_wconf 87' lang='lat' dir='ltr'><strong>ad</strong></span> <span class='ocrx_word' id='word_1_187' title='bbox 1227 3028 1319 3092; x_wconf 91' lang='lat' dir='ltr'><strong>quem</strong></span> 
     </span>
     <span class='ocr_line' id='line_1_25' title="bbox 154 3114 1322 3198; baseline 0.003 -21"><span class='ocrx_word' id='word_1_188' title='bbox 154 3114 326 3178; x_wconf 89' lang='lat' dir='ltr'><strong>orationem</strong></span> <span class='ocrx_word' id='word_1_189' title='bbox 348 3115 463 3195; x_wconf 83' lang='lat' dir='ltr'><strong>dirigit,</strong></span> <span class='ocrx_word' id='word_1_190' title='bbox 486 3114 646 3180; x_wconf 86' lang='lat' dir='ltr'><strong>offendere</strong></span> <span class='ocrx_word' id='word_1_191' title='bbox 661 3123 823 3195; x_wconf 82' lang='lat' dir='ltr'><strong>vereatur,</strong></span> <span class='ocrx_word' id='word_1_192' title='bbox 846 3116 878 3180; x_wconf 90' lang='lat' dir='ltr'><strong>id</strong></span> <span class='ocrx_word' id='word_1_193' title='bbox 896 3116 977 3196; x_wconf 90' lang='lat' dir='ltr'><strong>quod</strong></span> <span class='ocrx_word' id='word_1_194' title='bbox 998 3116 1126 3181; x_wconf 88' lang='lat' dir='ltr'><strong>vocibus</strong></span> <span class='ocrx_word' id='word_1_195' title='bbox 1147 3122 1183 3179; x_wconf 85' lang='grc' dir='ltr'><strong>τί</strong></span> <span class='ocrx_word' id='word_1_196' title='bbox 1196 3116 1322 3198; x_wconf 74' lang='grc' dir='ltr'><strong><em>μέλλεις</em></strong></span> 
     </span>
     <span class='ocr_line' id='line_1_26' title="bbox 151 3221 1320 3305; baseline 0.005 -25"><span class='ocrx_word' id='word_1_197' title='bbox 151 3223 283 3301; x_wconf 59' lang='lat' dir='ltr'><strong>papatu</strong></span> <span class='ocrx_word' id='word_1_198' title='bbox 306 3221 352 3284; x_wconf 81' lang='lat' dir='ltr'><strong>vel</strong></span> <span class='ocrx_word' id='word_1_199' title='bbox 375 3226 411 3284; x_wconf 89' lang='grc' dir='ltr'><strong>τί</strong></span> <span class='ocrx_word' id='word_1_200' title='bbox 429 3229 535 3300; x_wconf 79' lang='grc' dir='ltr'><strong><em>μένεις</em></strong></span> <span class='ocrx_word' id='word_1_201' title='bbox 549 3221 730 3303; x_wconf 82' lang='grc' dir='ltr'><em>πράσσειν;</em></span> <span class='ocrx_word' id='word_1_202' title='bbox 751 3221 850 3303; x_wconf 88' lang='lat' dir='ltr'><strong>fieret,</strong></span> <span class='ocrx_word' id='word_1_203' title='bbox 876 3222 1005 3303; x_wconf 86' lang='lat' dir='ltr'><strong>pluralis</strong></span> <span class='ocrx_word' id='word_1_204' title='bbox 1018 3224 1120 3287; x_wconf 83' lang='lat' dir='ltr'><strong>utitur</strong></span> <span class='ocrx_word' id='word_1_205' title='bbox 1136 3223 1235 3304; x_wconf 83' lang='lat' dir='ltr'><strong>prima</strong></span> <span class='ocrx_word' id='word_1_206' title='bbox 1252 3243 1320 3305; x_wconf 83' lang='lat' dir='ltr'><strong>per·-</strong></span> 
     </span>
     <span class='ocr_line' id='line_1_27' title="bbox 155 3328 1321 3409; baseline 0.003 -20"><span class='ocrx_word' id='word_1_207' title='bbox 155 3343 242 3406; x_wconf 86' lang='lat' dir='ltr'><strong>sona,</strong></span> <span class='ocrx_word' id='word_1_208' title='bbox 272 3344 333 3406; x_wconf 87' lang='lat' dir='ltr'><strong>qua</strong></span> <span class='ocrx_word' id='word_1_209' title='bbox 356 3347 389 3391; x_wconf 92' lang='lat' dir='ltr'><strong>re</strong></span> <span class='ocrx_word' id='word_1_210' title='bbox 405 3346 473 3392; x_wconf 90' lang='lat' dir='ltr'><strong>cum</strong></span> <span class='ocrx_word' id='word_1_211' title='bbox 496 3328 554 3391; x_wconf 89' lang='lat' dir='ltr'><strong>sibi</strong></span> <span class='ocrx_word' id='word_1_212' title='bbox 576 3345 701 3409; x_wconf 85' lang='lat' dir='ltr'><strong>quoque</strong></span> <span class='ocrx_word' id='word_1_213' title='bbox 722 3328 886 3393; x_wconf 83' lang='lat' dir='ltr'><strong>cunctandi</strong></span> <span class='ocrx_word' id='word_1_214' title='bbox 908 3329 1022 3392; x_wconf 85' lang='lat' dir='ltr'><strong>crimen</strong></span> <span class='ocrx_word' id='word_1_215' title='bbox 1051 3329 1178 3408; x_wconf 90' lang='lat' dir='ltr'><strong>tribuat,</strong></span> <span class='ocrx_word' id='word_1_216' title='bbox 1206 3330 1321 3394; x_wconf 87' lang='lat' dir='ltr'><strong>crimen</strong></span> 
     </span>
     <span class='ocr_line' id='line_1_28' title="bbox 156 3433 1321 3517; baseline 0.003 -22"><span class='ocrx_word' id='word_1_217' title='bbox 156 3433 256 3513; x_wconf 93' lang='lat' dir='ltr'><strong>ipsum</strong></span> <span class='ocrx_word' id='word_1_218' title='bbox 286 3433 487 3499; x_wconf 81' lang='lat' dir='ltr'><strong>iniminuitur.</strong></span> <span class='ocrx_word' id='word_1_219' title='bbox 542 3435 644 3500; x_wconf 89' lang='lat' dir='ltr'><strong>Multo</strong></span> <span class='ocrx_word' id='word_1_220' title='bbox 667 3436 747 3499; x_wconf 91' lang='lat' dir='ltr'><strong>enim</strong></span> <span class='ocrx_word' id='word_1_221' title='bbox 783 3435 984 3500; x_wconf 88' lang='lat' dir='ltr'><strong>verecundius</strong></span> <span class='ocrx_word' id='word_1_222' title='bbox 1016 3435 1130 3501; x_wconf 76' lang='lat' dir='ltr'><strong>&lt;licitur</strong></span> <span class='ocrx_word' id='word_1_223' title='bbox 1157 3440 1193 3498; x_wconf 87' lang='grc' dir='ltr'><strong>τί</strong></span> <span class='ocrx_word' id='word_1_224' title='bbox 1210 3435 1321 3517; x_wconf 74' lang='grc' dir='ltr'><strong><em>μέλλο-</em></strong></span> 
     </span>
     <span class='ocr_line' id='line_1_29' title="bbox 151 3541 866 3625; baseline 0.007 -25"><span class='ocrx_word' id='word_1_225' title='bbox 151 3561 213 3620; x_wconf 75' lang='grc' dir='ltr'><strong>μεν</strong></span> <span class='ocrx_word' id='word_1_226' title='bbox 232 3544 364 3620; x_wconf 52' lang='lat' dir='ltr'><strong>proptiae</strong></span> <span class='ocrx_word' id='word_1_227' title='bbox 386 3558 479 3621; x_wconf 83' lang='lat' dir='ltr'><strong>quam</strong></span> <span class='ocrx_word' id='word_1_228' title='bbox 500 3546 536 3603; x_wconf 87' lang='grc' dir='ltr'><strong>τί</strong></span> <span class='ocrx_word' id='word_1_229' title='bbox 556 3541 681 3622; x_wconf 69' lang='grc' dir='ltr'><strong><em>μέλλεις</em></strong></span> <span class='ocrx_word' id='word_1_230' title='bbox 702 3542 866 3625; x_wconf 66' lang='grc' dir='ltr'><strong><em>χωρεῖιι;”)</em></strong></span> 
     </span>
    </p>
   </div>
   <div class='ocr_carea' id='block_1_6' title="bbox 150 3694 344 3709">
    <p class='ocr_par' dir='ltr' id='par_1_10' title="bbox 150 3694 344 3709">
     <span class='ocr_line' id='line_1_30' title="bbox 150 3694 344 3709; baseline -0.005 0"><span class='ocrx_word' id='word_1_231' title='bbox 150 3694 344 3709; x_wconf 46' lang='lat'><strong>*-</strong></span> 
     </span>
    </p>
   </div>
   <div class='ocr_carea' id='block_1_7' title="bbox 153 3785 1319 4098">
    <p class='ocr_par' dir='ltr' id='par_1_11' title="bbox 153 3785 1319 4098">
     <span class='ocr_line' id='line_1_31' title="bbox 223 3785 1319 3942; baseline 0.004 -20"><span class='ocrx_word' id='word_1_232' title='bbox 223 3786 250 3939; x_wconf 55' lang='grc' dir='ltr'><strong>λλ</strong></span> <span class='ocrx_word' id='word_1_233' title='bbox 268 3785 410 3940; x_wconf 48' lang='lat' dir='ltr'><strong>{torlnping</strong></span> <span class='ocrx_word' id='word_1_234' title='bbox 412 3786 480 3928; x_wconf 72' lang='lat' dir='ltr'><strong>03d9</strong></span> <span class='ocrx_word' id='word_1_235' title='bbox 491 3872 577 3938; x_wconf 80' lang='lat' dir='ltr'><strong>c,138.</strong></span> <span class='ocrx_word' id='word_1_236' title='bbox 597 3871 648 3926; x_wconf 68' lang='grc'><strong>632</strong></span> <span class='ocrx_word' id='word_1_237' title='bbox 668 3873 740 3934; x_wconf 70' lang='grc' dir='ltr'><strong>ἴδμεν</strong></span> <span class='ocrx_word' id='word_1_238' title='bbox 759 3890 809 3942; x_wconf 90' lang='lat' dir='ltr'><strong>pro</strong></span> <span class='ocrx_word' id='word_1_239' title='bbox 828 3866 920 3938; x_wconf 75' lang='grc' dir='ltr'><em>ιῖσθα;</em></span> <span class='ocrx_word' id='word_1_240' title='bbox 943 3872 1082 3942; x_wconf 82' lang='lat' dir='ltr'><strong>Euripidis</strong></span> <span class='ocrx_word' id='word_1_241' title='bbox 1098 3873 1171 3928; x_wconf 87' lang='lat' dir='ltr'><strong>Med.</strong></span> <span class='ocrx_word' id='word_1_242' title='bbox 1185 3873 1258 3929; x_wconf 82' lang='lat'>1231.</span> <span class='ocrx_word' id='word_1_243' title='bbox 1277 3873 1319 3926; x_wconf 85' lang='lat' dir='ltr'><strong>El.</strong></span> 
     </span>
     <span class='ocr_line' id='line_1_32' title="bbox 154 3956 1318 4029; baseline 0.001 -19"><span class='ocrx_word' id='word_1_244' title='bbox 154 3958 203 4011; x_wconf 77' lang='lat'><strong>755</strong></span> <span class='ocrx_word' id='word_1_245' title='bbox 223 3956 323 4024; x_wconf 84' lang='lat' dir='ltr'><strong>quibus</strong></span> <span class='ocrx_word' id='word_1_246' title='bbox 342 3956 408 4011; x_wconf 79' lang='lat' dir='ltr'><strong>loeis</strong></span> <span class='ocrx_word' id='word_1_247' title='bbox 427 3964 452 4008; x_wconf 77' lang='lat' dir='ltr'><strong>tt</strong></span> <span class='ocrx_word' id='word_1_248' title='bbox 468 3959 603 4022; x_wconf 68' lang='grc' dir='ltr'><strong>μιλλομιη</strong></span> <span class='ocrx_word' id='word_1_249' title='bbox 623 3958 737 4026; x_wconf 82' lang='lat' dir='ltr'><strong>legitur.</strong></span> <span class='ocrx_word' id='word_1_250' title='bbox 763 3959 871 4029; x_wconf 84' lang='lat' dir='ltr'><strong>inspice</strong></span> <span class='ocrx_word' id='word_1_251' title='bbox 889 3958 972 4014; x_wconf 84' lang='lat' dir='ltr'><strong>etiam</strong></span> <span class='ocrx_word' id='word_1_252' title='bbox 993 3958 1196 4015; x_wconf 87' lang='lat' dir='ltr'><strong>Schneidewini</strong></span> <span class='ocrx_word' id='word_1_253' title='bbox 1216 3959 1250 4012; x_wconf 80' lang='lat' dir='ltr'><strong>ud</strong></span> <span class='ocrx_word' id='word_1_254' title='bbox 1266 3958 1318 4012; x_wconf 81' lang='lat' dir='ltr'><strong>OC.</strong></span> 
     </span>
     <span class='ocr_line' id='line_1_33' title="bbox 153 4041 454 4098; baseline 0.013 -4"><span class='ocrx_word' id='word_1_255' title='bbox 153 4041 220 4096; x_wconf 76' lang='lat'>1627</span> <span class='ocrx_word' id='word_1_256' title='bbox 239 4042 454 4098; x_wconf 78' lang='lat' dir='ltr'><strong>adnotationem.</strong></span> 
     </span>
    </p>
   </div>
   <div class='ocr_carea' id='block_1_8' title="bbox 0 0 1486 4814">
    <p class='ocr_par' dir='ltr' id='par_1_12' title="bbox 0 0 1486 4814">
     <span class='ocr_line' id='line_1_34' title="bbox 0 0 1486 4814; baseline 0 1"><span class='ocrx_word' id='word_1_257' title='bbox 0 0 1486 4814; x_wconf 95' lang='lat' dir='ltr'><strong> </strong></span> 
     </span>
    </p>
   </div>
  </div>
 </body>
</html>
