2964 4814
731 248 751 310 8

156 431 225 511 cipii
256 429 295 493 ad
328 429 414 492 verbi
444 429 521 492 finiti
550 425 701 507 pluralem
731 427 903 506 reperimus
935 445 1003 490 esse
1033 426 1231 490 adiunctum:
1267 425 1326 490 Eu.

159 543 212 601 141
238 535 479 600 α’πολοικτι’σοισ’
500 531 606 597 ὕπνοι·
627 530 791 612 iddpoua.
833 533 912 596 Phil.
925 538 980 596 641
1005 535 1160 614 χωρῶμεν
1181 531 1325 595 ἔνδοθεν

155 643 266 726 λαβών
287 639 372 707 ὅπου
393 659 433 707 σε
454 646 547 722 χρεία
567 640 621 702 καὶ
650 636 760 713 πόθος
781 638 915 721 μάλιστ’
944 641 1019 718 ἔχει.
1060 638 1160 717 Quam
1190 639 1324 702 remita

156 750 387 831 explicabimus,
411 746 611 828 utldoipsda
631 747 753 827 quidem
776 746 838 823 (vol
853 746 1020 826 χωρῶμεν)
1042 746 1149 809 ambas
1168 745 1237 809 illas
1258 763 1326 810 am·

154 858 309 938 plectatur
331 855 475 919 notiones
497 860 530 917 et
547 871 604 932 ego
623 859 656 916 ct
671 857 717 933 tu,
732 852 930 933 participium
948 857 1054 916 autem
1068 852 1326 918 ἀπολοκτίοαοα

154 961 351 1044 (vallepeto)
377 959 418 1024 ad
441 959 520 1023 banc
542 975 636 1022 unam
660 963 781 1039 spectet
803 959 962 1022 notionem
985 957 1082 1038 (tu).

238 1092 346 1175 (lapnt
367 1087 413 1154 H.
446 1088 619 1154 Secundum
634 1092 727 1169 caput
741 1088 856 1152 babeat
872 1089 931 1153 sibi
946 1088 1050 1153 verbi
1065 1089 1234 1170 pluralis.
1271 1091 1325 1153 Di-

156 1201 362 1280 stinguuntur
380 1195 545 1277 plurales
567 1194 780 1259 modestiae
802 1203 842 1259 et
863 1195 1082 1260 maiestatis.
1116 1195 1324 1272 Eorumiusus

156 1326 218 1390 quo
247 1306 339 1369 modo
363 1303 513 1383 paulatim
536 1302 660 1381 longius
687 1303 730 1365 sit
756 1319 943 1382 progressus
970 1301 1095 1367 uberius
1124 1302 1323 1368 ostendemus

156 1413 225 1499 §t
268 1412 336 1490 Qua
365 1428 433 1475 cum
456 1427 492 1473 re
522 1407 542 1491 ξ
565 1406 587 1474 2
617 1426 655 1472 nc
684 1408 728 1472 illi
759 1409 815 1472 loci
839 1410 1085 1491 contundantur,
1115 1409 1169 1474 ubi
1191 1411 1325 1491 loquens

155 1520 269 1602 aliquis
298 1516 386 1583 verbi
414 1516 461 1580 vel
488 1516 678 1596 pronominis
709 1514 824 1596 plurali
849 1517 895 1580 ita
922 1517 1038 1598 utitur,
1067 1521 1103 1582 ut
1125 1535 1178 1581 cas
1197 1535 1323 1599 quoquc

155 1642 322 1709 personas,
350 1641 429 1704 quae
460 1640 522 1686 non
543 1621 676 1703 adsunt,
707 1622 745 1684 de
775 1621 886 1701 quibus
916 1629 1022 1687 tamen
1050 1624 1145 1703 paulo
1177 1631 1249 1688 ante
1274 1626 1324 1690 vel

155 1734 278 1798 locutus
309 1736 358 1794 est
384 1729 432 1792 vel
455 1734 529 1793 tunc
551 1729 651 1808 ipsum
681 1727 810 1808 cogitat,
845 1729 986 1793 oratione
1007 1729 1244 1810 complectatur.
1282 1731 1325 1795 Et

156 1852 284 1920 praeter
315 1837 377 1900 alia
405 1834 503 1899 multa
524 1835 665 1914 exempla
695 1834 770 1898 illud
803 1852 924 1916 quoque
953 1833 1156 1915 Sophocleum
1183 1836 1323 1919 (111399

156 1943 342 2024 πεσούμεθ’
365 1941 395 2006 εἰ
413 1941 484 2023 χρὴ,
507 1942 609 2022 πατρὶ
630 1938 894 2022 τιμωρούμενοι),
925 1941 962 2005 de
987 1959 1050 2024 quo
1078 1941 1217 2006 homines
1238 1943 1324 2008 docti

154 2054 207 2118 alii
236 2052 329 2116 aliam
360 2049 504 2114 dixerunt
529 2049 735 2125 sententiam,
767 2047 829 2112 huc
857 2048 1017 2129 pertinere
1045 2048 1324 2114 demonstrabitur.

155 2162 300 2226 Seorsum
323 2155 343 2239 ᾗ
366 2155 388 2222 3
410 2157 504 2220 ctiam
526 2172 562 2219 ea
584 2154 723 2234 exempla
745 2145 1325 2238 (11111100.1112ἐρείοατ’,ιῗπαῑ,

156 2262 518 2347 πλεοροοᾰμφιδεξιον)
542 2262 753 2326 enumeranda
775 2267 885 2342 crunt,
915 2262 946 2324 in
973 2262 1088 2342 quibus
1109 2282 1239 2343 prorsus
1261 2283 1322 2329 non

156 2371 339 2452 agnoscitur
362 2368 492 2449 pluralis
515 2368 687 2432 maiestatis
709 2367 764 2432 sed
786 2369 959 2448 complures
980 2386 1134 2448 personae
1152 2371 1197 2434 ita
1221 2371 1324 2435 dictae

157 2487 240 2555 sunt,
263 2485 297 2542 ut
319 2495 380 2541 una
404 2483 607 2553 certamque
631 2472 797 2537 notabilior
826 2492 883 2553 per
908 2475 1098 2554 singularem
1121 2494 1211 2540 casus
1234 2495 1323 2542 voca·

156 2587 210 2651 tivi
232 2585 391 2649 eliciatur.
425 2580 537 2644 Affinis
558 2586 608 2644 est
637 2579 730 2643 etiam
760 2578 780 2662 ξ
802 2577 827 2644 4
853 2579 906 2644 ille
932 2581 1061 2659 pluralis
1082 2582 1166 2645 verbi
1196 2587 1231 2645 τί
1249 2582 1323 2662 μελ-

156 2694 255 2774 iopen
285 2708 341 2770 pro
373 2693 408 2751 τί
430 2686 571 2768 utitem
599 2687 720 2766 positus
749 2686 934 2767 similesque,
961 2686 1073 2768 quibus
1101 2687 1199 2752 lenem
1225 2695 1323 2772 atque

155 2800 260 2864 mitem
290 2795 443 2861 contineri
471 2793 721 2856 adhortationem
751 2792 840 2858 facile
870 2792 1042 2874 intelleges.
1085 2795 1225 2875 Denique
1257 2792 1320 2878 §5

156 2923 251 2970 unum
280 2902 381 2966 inveni
403 2898 576 2979 exemplum
615 2897 816 2979 Sophocleum
845 2899 1109 2981 inexspectatum,
1137 2919 1198 2982 quo
1227 2905 1320 2966 etiam

156 3012 187 3075 in
204 3009 340 3074 secunda
356 3025 490 3087 persona
504 3002 633 3086 pluralis
650 3005 821 3068 maiestatis
839 3004 999 3091 adbibitus
1015 3012 1076 3086 est3
1098 3006 1155 3072 hoc
1176 3016 1225 3072 est
1247 3007 1322 3072 illud

156 3115 230 3181 OR.
261 3119 319 3178 9811
350 3131 418 3193 sqq.
469 3111 525 3176 Cui
561 3111 608 3173 rei
644 3111 891 3189 disputationem
921 3109 986 3194 §6
1015 3112 1052 3177 de
1085 3114 1320 3195 participiorum

156 3220 328 3304 pluralibus
359 3236 417 3299 pro
439 3216 644 3282 substantivis
667 3217 837 3297 positorum
861 3217 965 3300 (velut
985 3218 1050 3284 ΟΒ.
1068 3221 1129 3286 308
1151 3220 1226 3294 τούς
1245 3244 1320 3283 κτα·

154 3324 287 3403 νοντας)
309 3324 521 3403 similibusque
543 3324 679 3404 ipsorum
703 3322 971 3390 substantivorum
1000 3327 1174 3408 pluralibus
1197 3332 1243 3395 ita
1266 3334 1320 3396 ad-

156 3432 254 3513 iunxi,
274 3438 311 3495 ut
331 3430 424 3493 variis
442 3430 510 3493 illos
528 3430 566 3494 de
588 3430 691 3493 causis
718 3448 774 3509 pro
802 3430 953 3510 singulari
981 3451 1049 3498 esse
1072 3443 1240 3518 usurpatos
1268 3458 1321 3503 ex·

156 3557 320 3619 ponerem,
354 3542 389 3600 ut
419 3555 468 3600 res
492 3536 530 3601 do
553 3555 616 3617 qua
637 3543 795 3618 ageretur,
818 3537 908 3603 fieret
927 3542 1119 3606 communior
1140 3545 1245 3625 itaque
1266 3547 1320 3610 ob-

156 3645 285 3709 scurior.
334 3642 455 3707 Deinde
491 3641 560 3725 §7
599 3644 684 3709 verbi
721 3645 751 3706 in
788 3645 919 3711 choricis
954 3649 1141 3714 carminibus
1179 3655 1320 3719 tractabo

153 3727 316 3808 pluralem.

238 3856 345 3938 (laptrt
365 3855 428 3920 III.
461 3857 617 3936 Sequetur
634 3855 810 3936 explanatio
831 3859 997 3939 pluralis
1013 3869 1051 3925 ct
1067 3864 1318 3944 corporalium

155 3962 339 4025 nominum
363 3970 403 4042 et
417 3962 639 4025 moralium.
670 3961 714 4026 Et
729 3960 825 4043 δόμοι
846 3965 970 4044 quidem
994 3969 1201 4052 similiumque
1215 3971 1320 4052 plura-
