2964 4814
742 299 782 359 72

176 473 330 558 πατρίδι
373 475 469 553 Sanc,
492 491 559 536 eam
590 473 689 553 ipsam
719 471 758 536 ob
791 489 917 536 causam
945 471 1020 552 quia
1048 472 1154 553 apud
1186 478 1345 553 poetam

177 603 221 648 ea
242 601 316 645 vox
338 580 597 645 auctoritate
617 579 790 659 pluralis
813 584 971 643 tantum
994 578 1184 643 florebat.

260 686 399 751 Eandem
434 687 495 748 vim
533 685 629 749 babet
661 685 899 767 διαφθοραί
927 685 992 750 OR.
1021 686 1080 749 513
1119 683 1233 767 (τάσδ’
1262 686 1347 766 ἐμάς

65 836 71 845 -
178 795 286 858 Λαΐου
307 791 519 876 διαφθοράς).
565 792 625 870 Qui
645 793 774 872 pluralis
797 810 865 855 mea
887 792 1014 873 quidem
1048 793 1190 874 opinione
1216 793 1347 857 nonita

178 901 379 983 explicandus
402 905 459 978 est,
482 907 518 962 ut
540 899 577 962 do
600 898 809 979 compluribus
832 899 947 979 plagis,
970 899 1081 978 quibus
1101 905 1234 979 paretur
1253 917 1350 979 mors,
1456 978 1458 983 Ι

179 1010 343 1089 cogitetur,
365 1007 418 1070 seo
441 1025 479 1069 ex
500 1024 586 1069 mera
606 1004 751 1084 analogia
771 1004 900 1086 pluralis
921 1005 1049 1086 δοσμαί
1064 997 1211 1070 similium
1234 1007 1353 1089 (φοναί
1414 1024 1418 1029 ·

178 1114 227 1179 vel
249 1113 416 1194 θάνατοι).

261 1221 365 1302 Atque
388 1218 516 1300 simplex
540 1221 712 1300 φθοραί
730 1218 845 1296 legitur
866 1219 922 1298 Ag.
939 1222 998 1282 805
1013 1217 1242 1306 ἀνδροθνῆτας
1254 1211 1350 1282 Ἰλίου

179 1326 326 1411 φθοράς,
349 1326 520 1392 destructio
544 1325 624 1388 enim
647 1324 858 1404 compluribus
886 1324 924 1389 fit
952 1325 1126 1391 actionibus
1158 1326 1345 1409 (singularis

181 1444 284 1499 autem
305 1433 463 1497 adhibitus
484 1437 533 1495 est
554 1432 611 1510 Ag.
635 1433 722 1510 415).

263 1542 350 1604 loen
380 1539 464 1602 valet
493 1538 532 1601 acl
566 1537 715 1617 pluralem
746 1542 1025 1620 κατασκαφαί
1050 1557 1143 1619 quom
1173 1538 1349 1604 invenimus

182 1650 231 1713 Se.
255 1653 310 1712 4οε
333 1646 429 1710 πόλει
450 1644 668 1727 κατασκαφάς
682 1649 808 1718 θέντες.
842 1643 959 1708 Contra
974 1643 1175 1709 suffossiones
1191 1646 1350 1726 significat

183 1756 230 1820 Sc.
254 1757 370 1834 9985q:
391 1752 557 1816 Ἐτεοκλέα
574 1788 608 1796 -
633 1748 782 1814 θάπτειν
805 1752 898 1827 ἐδοξε
919 1754 973 1834 γῆς
995 1751 1104 1834 μίλαις
1119 1756 1351 1836 κατασκαφαῖς

180 1868 212 1927 et
233 1862 273 1925 ib.
300 1862 395 1924 1028:
415 1857 524 1941 τάφον
545 1858 605 1939 γάρ
616 1858 699 1945 αὐτὴ
719 1859 773 1920 καὶ
791 1856 1007 1939 κατασκαφάς
1028 1858 1087 1939 ἐγώ
1105 1858 1348 1941 μηχανήσομαι.

182 1969 361 2048 Antigonae
384 1972 486 2030 autem
508 1965 631 2029 fabulae
660 1983 751 2028 versu
778 1970 839 2028 010
863 1969 911 2029 est
941 1965 1022 2028 idem
1044 1965 1127 2046 quod
1150 1971 1260 2048 ταφαί
1277 1966 1297 2030 i.
1319 1986 1347 2032 e.

181 2076 373 2156 sepulcrum:
395 2071 468 2150 §uio'
489 2073 521 2144 ἐς
541 2070 718 2134 θανόντων
740 2071 874 2153 ἔρχομαι
893 2070 1116 2154 κατασκαφάς.

266 2179 487 2244 Τελευταί
513 2178 555 2241 ad
582 2179 758 2258 complures
788 2196 839 2240 res
866 2182 989 2258 spectat
1017 2179 1068 2243 Su.
1087 2184 1162 2244 144:
1195 2178 1351 2253 τελευτάς

182 2288 211 2350 δ’
231 2288 267 2350 ἐν
287 2286 391 2368 χρόνῳ
416 2285 527 2368 πατήρ
551 2318 584 2330 ·—
608 2289 802 2366 πρευμενεῖς
826 2289 976 2348 κτίσειεν.
1019 2285 1105 2349 Idem
1135 2287 1264 2366 pluralis
1288 2289 1348 2368 Ag.

181 2399 239 2458 745
263 2393 455 2476 (ἐπέκρανεν
476 2392 513 2454 δέ
532 2392 637 2474 γάμον
653 2392 770 2472 πικράς
784 2390 949 2472 τελευτάς)
963 2398 1131 2472 propterea
1148 2395 1348 2476 0510051915,

181 2502 255 2582 quia
277 2498 486 2580 compluribus
509 2497 600 2562 iactis
624 2497 788 2561 conubium
812 2496 933 2562 finitum
955 2504 1014 2564 est.

264 2605 466 2670 Θάνατοιτ
490 2603 564 2668 Cho.
590 2609 627 2666 5¹2
650 2603 824 2667 δεσποτῶν
845 2604 1031 2669 θανάτοισι.
1064 2605 1112 2670 Se.
1138 2609 1200 2670 864
1216 2608 1351 2688 μελέους

80 2703 84 2710 ’
182 2713 351 2784 θανάτους
372 2707 513 2792 εὕροντο.
538 2711 610 2774 Tra.
636 2710 809 2774 1115011.
837 2710 970 2790 muccla
1001 2712 1043 2776 cle
1071 2713 1191 2777 unius
1214 2722 1349 2778 autem

181 2815 1352 2903 morteexanalogiaAesclryloipluralistantumilvupaa'

180 2923 234 3005 (ci.
256 2923 292 2988 fr.
313 2923 471 3004 Aeschylei
496 2930 533 2986 07
566 2924 623 2986 ἐπὶ
654 2924 815 3006 δυσμαΐσι
845 2927 922 2986 τεοῦ
950 2923 1091 3007 πατρός)
1119 2925 1179 3005 ipsi
1203 2926 1351 3005 θάνατοι

179 3037 350 3096 cernuntur
379 3030 443 3094 Olt.
465 3031 525 3093 496
555 3030 785 3112 Λαβδακίδαις
815 3031 984 3110 ἐπίκουρος
1014 3029 1147 3113 άδήλων
1179 3032 1350 3114 θανάτων,

179 3156 241 3220 quo
265 3139 330 3200 loco
355 3135 428 3200 mibi
451 3155 508 3217 per
531 3136 683 3217 pluralem
712 3136 805 3199 etiam
828 3136 903 3200 illud
927 3133 1049 3220 ἄδηλον
1071 3138 1197 3201 consilio
1222 3147 1347 3204 auctum

180 3263 248 3309 esse
272 3244 402 3307 vicletur.

260 3351 345 3415 Idam
368 3349 454 3413 cadit
474 3350 506 3412 in
530 3348 666 3431 φόνοι,
694 3348 779 3431 quod
806 3347 903 3413 habes
926 3349 1033 3413 Ε1.’11
1060 3347 1144 3413 ὅθεν
1162 3369 1201 3415 σε
1221 3354 1349 3434 πατρὸς

178 3457 214 3519 ἐκ
235 3459 344 3539 φονῶν
366 3453 427 3536 ἐγιό
449 3477 531 3517 ποτε
554 3451 742 3539 -ἤνεγκα,
771 3456 809 3519 ib.
834 3460 892 3519 779
915 3455 1057 3536 ἐγκαλῶν
1079 3457 1119 3519 δέ
1135 3480 1190 3537 μοι
1216 3459 1345 3536 (scilicet

178 3561 250 3626 αἰέν
276 3562 313 3628 cf.
336 3562 398 3628 OC.
429 3561 502 3642 990)
532 3561 654 3645 φόνους
681 3562 853 3644 πατρῴους
880 3562 959 3625 δείν’
987 3563 1159 3646 ἐπηπείλει
1186 3564 1293 3627 τελεῖν
1315 3571 1347 3630 et

180 3669 242 3736 00.
273 3675 334 3735 990
366 3669 442 3732 οὐδ’
478 3666 532 3742 οὓς
565 3668 637 3732 alar·
667 3670 820 3752 ἐμφορεῖς
855 3668 897 3733 σά
931 3691 986 3750 μοι
1023 3668 1142 3751 μόνους
1176 3669 1348 3752 πατρῴους

179 3776 378 3854 ἐξονειδίζων
399 3776 528 3857 πικρῶς.
572 3776 641 3855 Quo
670 3776 735 3840 loco
765 3776 896 3856 pluralis
927 3772 1022 3859 ’φόνοι
1052 3777 1099 3841 vel
1127 3782 1258 3858 propter
1276 3775 1349 3841 αἰέν

178 3883 300 3964 positus
312 3901 381 3948 esse
403 3887 509 3964 potest
531 3882 625 3946 idest
643 3901 755 3964 amora,
778 3901 869 3964 quam
884 3890 915 3946 tu
928 3882 1001 3947 mihi
1016 3901 1138 3964 semper
1150 3883 1343 3965 exprobras«

181 4024 220 4035 —
254 3991 299 4053 ita
329 3995 364 4053 ut
400 3995 517 4053 mortes
556 4007 625 4052 esse
658 3989 831 4054 virleantur.
876 3990 949 4054 Tra.
972 3995 1033 4053 558
1062 3987 1351 4072 &nopai-Naoura

185 4099 362 4182 φθίνοντος
384 4095 419 4158 ἐκ
433 4097 544 4180 φονῶν
557 4093 745 4180 α’νειλόμην.
