2964 4814
717 277 757 339 34

154 448 259 532 plures
282 448 392 515 Laium
416 452 621 516 necavissent.
665 451 769 516 Etiam
791 451 864 517 Cho.
886 455 946 517 885
971 451 1030 517 τόν
1051 454 1155 531 ζῶντα
1179 454 1324 518 ιιταίνειιΙ

153 561 229 633 τους
250 557 452 641 τεθνηκότας
473 559 562 640 λέγω,
591 577 670 639 quae
692 559 820 623 Orestes
848 578 952 624 eoram
985 560 1211 640 Clytaemestra
1240 561 1324 643 dieit,

153 673 320 748 postquam
343 665 433 729 modo
453 666 638 752 Aegisthum
661 666 781 748 cecidit,
802 666 932 748 pluralis
957 667 1158 751 τεθνηκότας
1180 686 1237 748 pro
1260 668 1323 731 sin-

155 772 257 851 gulari
268 772 396 836 oonsilio
416 778 447 835 et
462 790 531 836 eam
548 772 588 835 ob
605 789 730 836 eausam
745 774 868 852 positus
884 778 941 853 est,
959 778 994 836 ut
1007 774 1037 836 in
1054 773 1326 838 dubiumvoeetur
1374 817 1376 821 ι

154 880 280 959 quinam
320 877 544 958 significentur.
578 913 615 923 —
651 879 800 944 Similiter
831 898 864 943 se
901 898 957 960 per
991 880 1144 959 pluralem
1178 880 1326 960 designat

156 986 283 1049 Orestes
313 985 360 1048 El.
393 987 489 1049 1477:
532 985 570 1048 οὐ
591 986 660 1069 yoc‘p
690 983 848 1050 αἰσθάνει
876 985 982 1048 πάλαι
1010 990 1131 1064 ζῶντας
1158 991 1326 1052 θανοῦσιν
1417 1012 1420 1016 ’

155 1089 257 1154 οὕνεκ’
279 1092 448 1165 α’νταυδοῖς
471 1091 546 1168 ἱ’σα;
576 1093 678 1156 Creon
691 1094 762 1156 Ant.
779 1093 867 1156 1263:
889 1082 918 1155 οῗ
926 1091 1106 1167 κτανόντας
1127 1117 1163 1155 τε
1184 1095 1239 1157 καὶ
1260 1099 1326 1158 θα·

156 1199 273 1271 τόντας
295 1199 472 1280 βλέποντες
494 1198 680 1281 ἐμφυλίους.
720 1198 802 1262 Alibi
830 1183 890 1262 alia
921 1200 958 1262 de
986 1217 1082 1263 eausa
1111 1200 1240 1281 pluralis
1266 1220 1325 1282 pro

158 1306 308 1385 singulari
338 1305 376 1368 de
405 1323 465 1369 una
493 1324 628 1386 persona
650 1311 819 1387 usurpatus
842 1313 900 1370 est.
944 1306 1023 1369 Nam
1047 1308 1119 1370 Ant.
1145 1310 1222 1372 1173
1247 1327 1327 1372 uun-

157 1413 221 1475 tius
243 1411 275 1475 oi
297 1411 335 1474 δὲ
357 1415 482 1490 ζῶντες,
504 1413 615 1493 inquit,
645 1413 857 1492 alveolatum,
888 1414 997 1493 quibus
1020 1413 1125 1478 verbis
1147 1421 1228 1479 tecte
1250 1414 1327 1480 Cre-

159 1523 263 1582 ontem
287 1517 451 1598 signifieat,
481 1537 550 1583 eum
572 1520 639 1584 eius
662 1520 752 1600 culpa
777 1525 867 1584 natas
897 1538 966 1583 esse
996 1528 1046 1584 r‘es
1070 1520 1219 1586 adversas
1241 1522 1326 1586 clare

160 1626 264 1689 dicere
284 1644 346 1689 non
369 1625 492 1690 audeat.
1380 1618 1382 1622 ’

242 1748 352 1812 Aliud
369 1754 474 1812 autern
487 1747 746 1829 exemplorum
765 1766 882 1828 genus
897 1751 940 1812 eis
956 1750 1099 1826 eflicitur,
1115 1767 1195 1829 quae
1207 1749 1326 1830 scripta

159 1860 240 1932 sunt,
256 1860 291 1918 ut
300 1854 338 1917 ad
348 1855 576 1936 eallruegori1)
589 1855 684 1920 verba
696 1855 911 1919 adhibeamus:
928 1857 1253 1938 ursproapiaoeoel,
1271 1877 1327 1921 αιιι

159 1963 229 2027 derra
245 1962 410 2042 specialior
423 1960 518 2028 Sotae
534 1962 796 2027 eratanostrae
814 1964 1012 2043 Ιοιιοιιιιόοόιον
1025 1964 1268 2044 Allpemee'alreit
1284 1985 1328 2027 aar

159 2069 265 2149 pelen.
308 2068 403 2131 Velut
426 2070 562 2132 Antoll
587 2067 697 2148 Creon,
719 2086 812 2148 quem
832 2087 926 2132 uuum
950 2070 1046 2132 solum
1063 2069 1209 2133 habuisse
1228 2067 1324 2133 filium

163 2175 381 2255 (Haemonem)
401 2180 509 2238 notum
539 2180 602 2254 est,
631 2174 741 2254 κακός,
769 2174 890 2253 inquit,
919 2179 1070 2255 γυναῖκας
1097 2175 1181 2240 όιέσι
1209 2177 1328 2258 στυγῶ.

87 2333 95 2347 .
159 2282 277 2346 Eadem
301 2301 350 2345 res
372 2282 581 2361 estoRoao,
597 2282 643 2345 ΕΙ.
658 2284 718 2345 594
741 2280 780 2343 ου
800 2282 861 2362 yolo
882 2281 978 2344 καλόν
993 2283 1124 2362 ἐχθροῖς
1144 2287 1330 2364 γαμεῖσθαι

159 2392 215 2463 τός
235 2388 398 2470 θιαατρός
419 2385 545 2452 οὕνεκα.
578 2388 722 2453 Ceterum
751 2388 809 2452 hae
837 2388 967 2468 pluralis
992 2390 1193 2469 usurpatione
1222 2390 1328 2468 gravi-

162 2502 259 2561 tatem
275 2496 342 2559 eius
359 2495 398 2558 de
410 2513 471 2576 qua
487 2496 594 2574 agitur
611 2511 763 2574 personae
780 2494 869 2557 valde
886 2495 1035 2576 adaugeri
1050 2497 1247 2576 perspicuum
1266 2502 1327 2560 est.

159 2604 274 2667 Eodem
303 2603 395 2665 modo
417 2601 608 2680 generaliter
627 2600 756 2681 pluralis
778 2599 910 2683 xopnn)
930 2619 988 2681 pro
1008 2601 1114 2682 κόριος
1135 2603 1264 2686 ponitur
1279 2605 1325 2667 vel

233 2798 258 2866 l)
278 2815 302 2852 v.
321 2797 339 2850 l.
357 2813 380 2850 e.
398 2797 413 2864 S
432 2794 527 2860 44,3,6.

230 2901 257 2966 2)
277 2897 378 2951 Contra
402 2897 508 2964 βασιλῆς
531 2895 670 2951 interdum
695 2897 819 2965 postulat
843 2896 1102 2965 interpretationem
1128 2896 1201 2966 regis
1227 2898 1256 2949 et
1284 2915 1326 2952 re-

163 2984 244 3053 ginae
257 2981 302 3037 vel
319 2980 413 3050 regiae
431 2980 631 3034 familiae:·Su.
643 2981 693 3033 297
708 2983 762 3041 πῶς
771 2972 814 3032 adr
833 2981 937 3033 τελεεποῖ
954 2982 1078 3045 βασιλέοιν
1097 2989 1164 3050 νείκη
1174 2983 1236 3034 τάδε
1245 3004 1252 3047 ;
1274 2983 1292 3036 i.
1302 3001 1326 3040 e.

160 3068 233 3123 Iovis
251 3071 279 3121 et
294 3065 415 3119 Iunonis.
447 3064 509 3118 Huc
523 3063 607 3126 traho
625 3065 675 3122 illa
693 3065 868 3120 Delbrueelrii
885 3065 970 3119 verba
997 3067 1028 3133 (1.
1047 3083 1070 3120 e.
1092 3085 1117 3135 p.
1140 3067 1194 3135 19):
1220 3068 1326 3124 radlach

161 3171 223 3222 moy
243 3153 310 3206 noch
331 3150 375 3203 die
394 3150 579 3218 Mdpliehleeit,
596 3150 661 3204 dass
679 3150 723 3204 die
741 3152 855 3206 Plorole
870 3150 1001 3212 δεσπόται,
1021 3149 1072 3203 das
1092 3151 1139 3205 lat.
1158 3153 1263 3217 fratrea
1280 3155 1328 3221 (ιίιι

161 3238 243 3292 Sinae
261 3235 315 3289 nori
333 3233 445 3287 Brader
462 3233 520 3287 aad
539 3233 700 3304 θεόπαιδα)
718 3235 775 3289 aad
794 3235 920 3290 ddaliehe
939 3249 974 3287 aa
994 3233 1038 3286 die
1053 3234 1133 3290 Stella
1151 3237 1220 3290 aller
1235 3237 1328 3291 Daale

158 3328 276 3391 petretea
294 3317 364 3383 sind,
391 3319 515 3371 erwe'ihat
537 3317 652 3373 werden.
689 3320 780 3387 Atque
800 3319 852 3387 Ag.
872 3319 923 3370 518
946 3317 1061 3371 nuntius
1086 3323 1152 3372 ante
1180 3322 1327 3389 Agamem·

159 3406 239 3459 nonis
255 3403 359 3471 regiam
379 3403 407 3453 ιὀδ
427 3401 555 3472 μέλαθρα,
574 3401 675 3469 inquit,
693 3404 817 3468 βασιλέοιν
835 3401 906 3462 φίλιοι
924 3408 1021 3466 στέγαι,
1046 3402 1093 3455 ubi
1112 3407 1235 3467 βασιλέοιν
1252 3405 1326 3459 idem

160 3491 216 3547 fere
236 3494 276 3544 est
297 3487 370 3557 quod
388 3485 483 3554 regiae
501 3484 631 3540 familiae.
656 3488 700 3557 [el.
719 3488 787 3556 Nep.
807 3487 899 3554 Pelop.
919 3487 957 3546 5,l
979 3488 1106 3553 t.yranni;
1125 3488 1198 3556 apud
1217 3489 1328 3544 Livium

160 3590 270 3643 qnoque
293 3589 375 3640 saepe
400 3587 479 3640 reges
502 3571 575 3624 hano
600 3571 685 3626 habet
715 3572 944 3640 significationem
976 3573 1015 3640 (el
1043 3572 1150 3626 lexieon
1173 3573 1326 3646 Georgesl]

159 3660 234 3713 Idem
259 3658 345 3711 habes
371 3660 433 3710 Ant.
457 3655 539 3709 1172:
564 3661 592 3706 τί
614 3656 635 3707 δ’
659 3645 694 3709 οδ
711 3656 764 3708 τόδ’
782 3658 867 3722 οἷχθυς
888 3657 1011 3719 βασιλέοιν
1030 3656 1095 3722 ἥκεις
1113 3663 1204 3725 φόροις
1237 3656 1329 3714 Simili

160 3742 341 3797 modoetiam
367 3743 490 3793 δεσπόται
513 3742 542 3794 et
567 3741 688 3804 τύραννοι
713 3745 866 3809 ponuntur:
893 3741 945 3808 Ag.
963 3739 997 3792 32
1026 3742 1058 3791 τό
1078 3741 1207 3792 δεσποτῶν
1232 3743 1282 3809 yu'p
1300 3734 1329 3796 εδ

160 3829 270 3879 πεσόντα
290 3828 410 3893 θήσομαι,
455 3826 575 3882 ib.1043
601 3826 817 3893 ἀρχαιοπλούτων
842 3823 971 3877 δεσποτῶν
997 3825 1078 3892 πολλοὶ
1101 3826 1184 3896 χάρις,
1225 3825 1328 3880 Contra

161 3911 225 3966 Cho.
245 3913 278 3964 53
297 3913 381 3973 δνόφοι
399 3912 554 3964 καλύπτουσι
572 3912 663 3970 δόμους
682 3909 813 3961 δεσποτῶν
838 3911 976 3960 θανάτοισι
1001 3913 1030 3963 et
1052 3908 1088 3964 ib.
1107 3909 1141 3963 82
1166 3911 1329 3980 δακρδαμα·

160 4002 253 4048 τοίοισι
272 3996 399 4048 δεσποτᾶν
417 3998 508 4063 τόχαις
526 3995 595 4048 mihi
614 3992 724 4061 quidem
743 4009 797 4047 non
816 3993 903 4046 solum
925 3995 1105 4063 Agamemno,
1124 3993 1171 4060 qui
1189 3994 1270 4048 modo
1288 3995 1328 4048 in-

161 4069 292 4134 {erfectus
301 4083 350 4145 est,
368 4080 414 4135 sed
428 4080 513 4135 otiam
525 4080 585 4135 eius
598 4078 716 4132 maiores
734 4078 786 4131 diei
801 4078 937 4144 videntur,
957 4079 1001 4132 eui
1014 4077 1194 4150 explicationi
1211 4078 1329 4148 pluralia
