2964 4814
721 289 740 348 6

152 463 286 545 primum
308 470 343 529 ut
364 465 545 545 inquiratur
567 485 647 546 quae
669 460 819 545 cuiusque
838 465 921 528 vocis
944 465 1092 545 primaria
1115 464 1207 527 suerit
1230 465 1316 528 notio

154 606 192 630 η-
215 589 286 634 nam
305 571 334 634 iu
353 571 467 634 talibus
490 571 595 651 qualia
623 578 699 636 sunt
717 577 825 654 βωμοί
845 569 959 652 δόμοι,
989 571 1173 651 eprimaria
1195 572 1319 634 notione

153 695 303 741 nuurerus
323 677 499 741 defenditur
529 714 573 757 —,
596 677 706 742 deinde
736 685 769 742 ot
798 679 874 759 quid
905 677 1063 757 analogia,
1094 678 1194 757 magis
1224 677 1318 740 etiam

153 783 344 847 concinnitas
367 784 573 863 grammatica
596 783 729 848 valuerit
752 784 871 848 curiose
893 783 1105 848 observemus.
1138 785 1251 862 -Atque
1274 784 1319 846 ita

152 888 268 954 factum
291 907 358 954 esse
386 907 493 970 spero,
521 894 558 953 ut
590 908 650 954 non
680 892 769 970 pauci
797 891 986 971 tragicorum
1014 890 1073 954 loci
1104 889 1229 954 obscuri
1254 889 1316 952 iam

153 996 298 1077 explicati
322 1002 354 1060 et
376 995 501 1060 dilucidi
527 1013 595 1060 esse
618 996 795 1063 videantur.

237 1125 306 1204 Qua
323 1126 354 1189 in
376 1143 411 1190 re
430 1127 477 1189 vir
501 1127 625 1207 quidam
641 1128 837 1192 doctissimus
860 1128 972 1210 hisque
996 1127 1027 1190 in
1053 1128 1148 1191 rebus
1161 1128 1321 1207 experien-

154 1233 305 1312 tissimus,
327 1250 416 1319 quem
439 1234 599 1298 nominare
620 1235 694 1298 mihi
714 1253 773 1298 non
796 1235 877 1312 licet,
900 1253 947 1298 me
966 1233 1083 1314 docuit,
1104 1252 1171 1298 cum
1187 1234 1320 1311 benigne

154 1341 229 1404 mihi
248 1341 366 1421 petenti
389 1338 503 1403 adlatis
521 1342 668 1421 exemplis
688 1346 859 1420 exponeret
877 1358 967 1405 usum
990 1339 1145 1419 plurative
1165 1339 1321 1420 loquendi,

155 1466 247 1529 quem
269 1447 471 1510 observamus
491 1446 573 1526 apud
589 1446 757 1511 Homerum
778 1453 810 1511 et
833 1448 978 1527 tragicos,
998 1447 1233 1511 similitudinem
1254 1445 1321 1510 fere

155 1573 217 1619 non
243 1553 359 1618 habere
393 1553 477 1634 apud
509 1552 647 1633 reliquos
677 1554 923 1634 lndogermanos
955 1553 1045 1637 (nam
1077 1559 1189 1634 poetae
1216 1553 1321 1617 Latini

153 1662 202 1726 his
232 1662 264 1725 in
286 1660 380 1724 rebus
402 1660 539 1725 Graecos
561 1660 675 1723 imitati
697 1666 788 1732 sunt;
818 1661 903 1741 apud
927 1660 1019 1725 lndos
1049 1660 1125 1723 talia
1153 1678 1228 1724 rara
1249 1663 1322 1723 sunt

154 1769 239 1834 velut
260 1783 337 1849 apes
359 1786 417 1849 pro
440 1768 564 1850 aquis];
594 1771 705 1831 contra
725 1767 837 1831 mirum
860 1784 1044 1831 consensum
1066 1767 1217 1830 exsistere
1239 1766 1322 1829 inter

155 1876 350 1940 Homericam
370 1874 621 1939 consuetudinem
638 1881 671 1938 et
684 1873 886 1952 Hebraicam;
909 1874 940 1936 in
956 1873 1119 1938 Hebraicis
1134 1873 1216 1936 enim
1233 1872 1321 1936 libris

154 1983 310 2065 plurative
325 1981 472 2061 leguntur
493 1981 618 2043 nomina
633 1981 686 2044 illa
700 1980 787 2045 velut
806 1979 1033 2045 mithenoth
1055 1980 1203 2061 (domus),
1224 1996 1321 2041 mar-

154 2089 305 2154 keboth
329 2086 485 2168 (currus),
516 2087 651 2152 emoth
673 2085 819 2168 (metus),
844 2101 976 2167 panim
999 2086 1138 2169 (facies),
1160 2084 1322 2150 bamoth

155 2193 209 2279 (cl.
226 2195 348 2276 βωμοί)
369 2194 518 2272 aliaque
540 2210 620 2273 quae
645 2199 756 2273 postea
777 2211 832 2258 suo
855 2195 1003 2274 quodque
1021 2194 1088 2258 loco
1103 2182 1240 2258 afferam.
1274 2192 1321 2256 Ex

154 2303 199 2367 eis
229 2299 375 2382 exemplis
412 2299 547 2363 nescio
582 2316 629 2363 an
667 2300 856 2365 concludi
891 2301 1021 2380 possit
1059 2305 1152 2364 ante
1190 2299 1321 2380 ipsum

155 2409 361 2473 Homerum
398 2406 674 2469 orientalium
721 2408 962 2486 populorum
1005 2407 1172 2486 linguas
1216 2405 1322 2470 haud

155 2515 272 2596 parvi
299 2499 489 2576 momenti
517 2511 649 2575 fuisse
678 2511 724 2574 ad
757 2512 936 2590 linguam
956 2514 1109 2593 epicam
1135 2513 1321 2578 Graecam

155 2618 492 2687 conformandam.
536 2617 596 2682 Sed
618 2617 649 2680 in
672 2617 750 2682 hanc
776 2637 841 2682 rem
861 2619 1020 2699 inquirere
1041 2620 1140 2684 nostri
1167 2618 1321 2700 propositi

156 2747 216 2792 non
241 2732 299 2807 cst,
322 2726 375 2789 alii
399 2725 566 2804 inquirant.

240 2857 308 2921 Viri
328 2856 413 2920 docti
435 2860 540 2919 autem
562 2856 638 2936 quid
659 2860 733 2919 ante
758 2873 808 2919 me
840 2854 888 2918 his
917 2857 948 2918 in
969 2855 1063 2920 rebus
1085 2854 1323 2934 elaboraverint,

157 2964 282 3027 silentio
314 2962 566 3042 praetermittere
595 2979 656 3024 non
688 2961 786 3026 decet.
830 2960 910 3024 Nam
940 2967 1068 3041 praeter
1096 2962 1181 3041 ipsos
1208 2960 1321 3024 artium

158 3070 359 3150 scriptorem)
374 3073 406 3131 et
419 3068 569 3132 editorum
583 3067 815 3132 observationes
829 3068 886 3131 hae
898 3067 1092 3147 potissimum
1107 3065 1321 3131 memorabiles
1425 3069 1430 3083 '

158 3183 233 3240 sunt
256 3175 510 3239 dissertationes:
542 3173 664 3237 Hartzii
687 3174 725 3237 de
746 3173 941 3239 anacoluthis
972 3174 1054 3254 apud
1077 3173 1260 3253 Aeschylum
1291 3178 1323 3235 et

158 3281 341 3361 Sophoclem
363 3278 482 3362 (Berol.
507 3279 613 3359 1856),
633 3278 781 3344 Wrobelii
803 3280 842 3343 de
860 3281 981 3359 generis
997 3279 1118 3342 numeri
1132 3295 1322 3358 casuumque

158 3385 355 3450 anacoluthis
376 3385 459 3465 apud
477 3386 613 3464 tragicos
635 3384 771 3449 Graecos
788 3384 974 3462 (Vratislav.
997 3385 1102 3466 1865),
1125 3384 1320 3448 Kommereri

64 3475 67 3481 ’
160 3492 256 3556 »iiber
278 3491 516 3556 denGebraoch
540 3491 593 3555 des
616 3491 738 3555 Plurals
762 3490 813 3554 fiir
833 3491 893 3554 den
916 3491 1063 3573 Singular
1084 3490 1132 3555 bei
1154 3490 1322 3572 Sophocles

157 3598 218 3662 und
239 3598 423 3678 Euripides«
448 3597 652 3678 [Klagenfort
675 3600 763 3679 taos,
789 3597 895 3680 1870),
916 3598 1040 3662 Franzii
1062 3598 1101 3662 de
1122 3597 1216 3661 verbo
1238 3597 1322 3678 apud

159 3704 295 3769 Graecos
325 3705 490 3769 coniuncto
525 3722 593 3769 cum
627 3706 733 3769 neutri
765 3706 874 3785 generi
904 3704 1045 3769 subiecto
1074 3704 1186 3785 plurali
1218 3706 1322 3785 (Boon

246 3915 272 3983 1)
291 3916 351 3969 dico
384 3915 520 3985 imprimis
549 3916 736 3985 Bcrnhaffiyi,
768 3917 934 3982 Matthiaei,
966 3917 1145 3980 Buttmanni‚
1178 3917 1321 3987 Kruegcri‚

160 3999 192 4053 G.
216 3999 367 4054 Hermanni
393 4002 429 4054 ad
455 4001 588 4071 Vigcrum
617 4003 823 4067 adnotationes,
859 4003 1038 4059 Delbrueclrii
1069 4004 1248 4075 Grundlagen
1272 4005 1321 4058 der

157 4085 346 4155 griechischen
363 4086 476 4158 Syntax,
494 4086 642 4143 Kuehneri.
