2964 4814
645 1088 754 1170 (lapnt
775 1088 801 1152 1.

179 1250 237 1333 De
267 1250 473 1360 singularis
503 1259 541 1335 et
569 1251 726 1368 pluralis
754 1278 1005 1336 numerorum
1034 1247 1267 1334 confusione.

689 1545 760 1629 §a

223 1675 385 1756 Proprium
426 1675 485 1740 hoc
524 1675 585 1740 fuit
619 1677 757 1742 Graecae
790 1676 915 1758 linguae
952 1675 1164 1756 imprimisque
1195 1676 1307 1756 poetici

142 1782 316 1860 sermome,
359 1787 395 1844 ut
435 1781 600 1861 singularis
644 1801 711 1847 cum
747 1783 862 1864 plurali
898 1782 1148 1861 coniungeretur.
1210 1782 1308 1858 Quam

141 1889 407 1953 constructionem
437 1890 521 1951 κατά
537 1888 672 1954 σύνεσιν
693 1909 755 1955 non
778 1890 867 1954 nimis
888 1888 1035 1953 demirari
1060 1887 1215 1970 debemus,
1239 1907 1307 1953 cum

140 1996 201 2059 iam
235 1995 388 2059 Homerus
427 1996 550 2078 saepius
583 2015 620 2061 ea
661 2003 782 2061 utatur.
831 1993 923 2060 Velut
953 1995 987 2059 ll.
1020 1994 1048 2057 ΙΙ
1080 1999 1138 2059 368
1175 1995 1308 2074 legimus
1409 2048 1411 2051 .

140 2103 235 2165 λεῖπε
269 2102 350 2165 λαάν
380 2103 525 2184 Τρωϊκόν
561 2101 614 2178 οὓς
647 2103 803 2176 ἀέκοντας
836 2101 961 2185 τάφρος
999 2103 1120 2183 ἔρυκεν.
1170 2101 1237 2178 Quo
1276 2103 1307 2165 in

142 2229 254 2290 genere
276 2208 335 2276 hoc
357 2214 405 2272 est
430 2210 597 2274 tenendum
621 2210 789 2275 Homerum
821 2209 903 2291 apud
928 2215 1096 2290 sequentes
1118 2208 1308 2273 Graecorum

141 2345 249 2421 poetas
271 2357 331 2402 non
356 2339 455 2404 solum
478 2342 581 2421 opicae
603 2340 657 2404 sed
682 2342 776 2404 otiam
807 2340 922 2423 lyricae
952 2346 984 2404 et
1014 2340 1154 2404 scenicae
1179 2358 1308 2419 poeseos

141 2446 307 2526 plurimum
329 2446 464 2511 valuisse
485 2453 517 2510 et
539 2448 718 2512 universum
743 2447 936 2512 Graecorum
958 2463 1132 2511 sermonem
1154 2446 1307 2525 poeticum

141 2552 171 2614 in
194 2552 259 2616 eius
282 2552 472 2616 carminibus
494 2571 563 2617 esse
589 2559 747 2634 tamquam
779 2554 809 2617 in
840 2552 1046 2617 fundamento
1075 2556 1246 2630 statutum,
1277 2551 1307 2614 id

142 2659 222 2739 quod
247 2658 429 2739 saepissime
452 2664 562 2723 nostra
581 2645 847 2724 'commentatione
868 2657 1162 2722 demonstrabimus.
1197 2659 1309 2738 ltaque

141 2765 341 2845 inspiciamus
366 2765 520 2844 tragicos
547 2767 600 2845 qui
630 2767 780 2847 imprimis
804 2784 873 2829 cum
904 2764 1071 2829 collectivis
1095 2781 1176 2844 quae
1194 2763 1309 2829 dixeris

140 2871 302 2936 vocabulis
324 2868 419 2951 λεώς,
441 2870 597 2954 στρατός,
620 2870 744 2954 ὅμιλος,
772 2872 877 2954 φῦλον
896 2871 1029 2952 aliisque
1049 2871 1115 2935 eius
1137 2870 1218 2935 modi
1241 2871 1309 2951 plu-

142 2978 238 3042 ralem
263 2977 348 3041 verbi
371 2978 575 3059 coniungunt.
604 2981 709 3060 Atque
731 2980 813 3060 apud
830 2978 1014 3058 Aeschylum
1037 2983 1112 3041 sunt
1127 2978 1218 3041 haec:
1238 2977 1308 3042 Pro.

142 3082 237 3164 433¹)
260 3103 305 3165 sq.
328 3083 462 3166 Σκύθης
483 3081 600 3166 ὅμιλος,
630 3083 663 3147 οἳ
681 3089 740 3166 γάς
761 3087 902 3165 ἔσχατον
924 3084 1030 3147 τόπον
1052 3086 1190 3164 ἔχουσιν.
1234 3082 1309 3147 ibid.

142 3196 203 3254 830
225 3208 292 3271 sqq.
316 3192 441 3272 γρῦπας
454 3190 607 3274 φυλάξαι,
628 3190 688 3254 τόν
708 3215 744 3253 τε
764 3193 926 3272 μουνῶπα
946 3191 1090 3273 στρατὸν
1112 3191 1311 3271 Ἀριμασπὸν

61 3344 66 3354 .
142 3294 358 3378 ἱπποβάμον’,
380 3295 413 3359 οἳ
435 3333 470 3344 -
495 3296 647 3361 οἰκοῦσιν.
692 3296 733 3361 ib.
760 3301 821 3361 834
845 3297 959 3379 φῦλον,
983 3295 1016 3359 οἳ
1035 3301 1172 3361 ναίουσι.
1214 3296 1310 3360 Plane

141 3404 223 3467 idem
249 3404 346 3468 habes
370 3405 420 3469 Su.
440 3409 479 3468 ‘29
503 3423 571 3488 sqq.
599 3404 838 3489 ἀρσενοπληθῆ
860 3403 890 3465 d'
913 3402 1018 3485 ἑσμόν
1039 3403 1196 3487 ὑβριστήν
1217 3401 1311 3483 Αἰγο-

142 3513 283 3591 πτογενῆ
305 3545 343 3555 -
367 3519 527 3599 πέμψατε
548 3509 712 3574 πόντονδ’·
735 3513 822 3573 ἔνθα
834 3511 872 3574 δὲ
887 3511 1024 3575 λαίλαπι
1046 3547 1084 3557 -
1108 3509 1310 3592 ἀντήσαντες

143 3612 278 3679 ὄλοιντο.
322 3616 440 3696 Quibus
463 3617 493 3680 iu
516 3617 665 3697 exemplis
694 3618 793 3681 minus
817 3625 904 3682 arcta
927 3623 977 3681 est
999 3616 1128 3698 pluralis
1152 3635 1222 3681 cum
1245 3618 1309 3681 sin-

110 3764 112 3768 ·
142 3723 246 3804 gulari
268 3724 453 3788 coniunctio.

232 3918 258 3985 1)
277 3917 452 3986 Integrarum
488 3917 559 3971 enim
588 3918 717 4003 Aeschyli
743 3919 900 3973 fabularum
931 3936 1024 3972 versus
1050 3937 1112 3973 cum
1139 3919 1313 3974 Weckleinio

145 4019 278 4067 numero,
297 4003 438 4073 Sophoclis
457 4021 517 4058 cum
538 4003 688 4068 Dindorfio,
707 4004 850 4057 amborum
865 4008 893 4057 et
914 4004 1053 4072 Euripidis
1072 4005 1231 4072 fragmenta
1251 4023 1312 4059 oum

144 4091 176 4143 A.
194 4087 329 4153 Nauokio,
349 4089 486 4162 Euripidis
505 4093 611 4146 ceteros
632 4106 723 4145 versus
742 4108 803 4144 cum
822 4089 998 4146 Kirohhoffio.
