2964 4814
726 255 765 317 28

58 490 66 502 .
165 453 202 496 ex
225 452 261 496 eo
280 434 346 514 ipso
363 433 464 514 colligi
484 438 600 514 potest,
621 434 702 514 quod
726 454 742 496 e
762 434 848 498 nullo
871 435 968 497 totius
986 435 1111 499 fabulae
1130 435 1195 498 loco
1219 453 1332 514 cogno-

164 542 273 620 rimus,
297 540 422 604 Electra
448 540 731 607 habueritamicos
763 559 869 605 necne.
912 541 991 604 Nam
1025 543 1051 605 si
1082 560 1136 606 eos
1157 540 1331 619 habuisset,

165 649 195 711 id
214 655 297 711 certe
315 653 588 710 rornmemoratum
612 653 705 712 esset.
738 648 796 725 Qui
811 653 914 711 autem
933 648 990 711 sub
1011 628 1194 712 verbis'illis
1210 645 1333 712 πεσού-

163 759 256 834 peto
286 791 320 800 -
349 751 584 835 τιμωρούμενοι
617 754 862 832 intelleguntur?
909 755 1022 819 Solane
1052 754 1198 818 Electra?
1248 754 1331 818 Sane

163 861 268 941 plures
292 860 431 922 homiues
454 859 535 922 docti
558 877 626 922 cam
646 861 833 924 seutentiam
853 859 980 923 habent.
1012 860 1225 940 Kruegerus1)
1248 860 1330 922 enim

163 967 323 1030 mulierem
343 966 383 1029 de
406 983 439 1030 se
455 966 761 1046 plurali'loquentem
783 967 1006 1031 adiectivorum
1028 967 1184 1030 nominum
1209 985 1331 1030 mascu-

160 1073 256 1136 linum
281 1090 378 1151 genus
402 1091 551 1153 usurpare
580 1072 674 1148 dicits
702 1078 734 1136 et
757 1072 794 1138 G.
819 1073 1026 1154 Hermanui'1)
1056 1074 1093 1137 de
1116 1073 1176 1137 hac
1196 1092 1231 1136 re
1251 1073 1330 1138 haee

162 1188 234 1244 sunt
256 1179 370 1243 verba:
407 1177 468 1243 Uar·
496 1180 534 1244 cle
559 1200 626 1243 aaa
656 1181 789 1245 muliere
820 1181 1033 1245 masculinam
1063 1201 1163 1262 perros
1186 1181 1330 1260 ponitur,

160 1307 283 1366 semper
309 1286 435 1366 plurali
465 1307 596 1351 memoro
618 1292 763 1365 alantur,
789 1293 817 1351 et
839 1289 990 1365 uicissim,
1018 1288 1074 1351 all
1098 1287 1257 1368 plaralem
1290 1289 1329 1352 de

159 1393 291 1458 muliere
305 1399 436 1474 pomarrt,
452 1395 664 1458 mascalarum
679 1415 781 1476 pertas
796 1400 966 1476 usurparet.
1000 1394 1163 1475 Sophoclis
1184 1394 1238 1457 El.
1254 1398 1327 1457 399.

160 1502 237 1564 Ant.
258 1504 334 1564 926.
362 1535 393 1544 -
428 1500 564 1564 Similem
593 1500 710 1564 habent
737 1502 911 1581 opinionem
937 1500 1155 1581 Kuehnerus⁸l
1187 1505 1219 1563 et
1241 1499 1330 1561 Wro-

160 1606 296 1687 belius⁴l‚
318 1606 387 1686 qui,
410 1607 640 1687 mascel-iream,
665 1607 784 1689 iuquit,
808 1609 975 1672 arlicctlois
990 1608 1130 1690 formam
1146 1607 1326 1670 tribuebuat

159 1720 330 1794 propterea
352 1714 444 1794 qaod,
466 1735 526 1795 qao
549 1715 653 1778 maior·
682 1722 761 1779 esset
784 1715 842 1778 r'lla
865 1715 1050 1796 efficacitas,
1083 1715 1131 1777 ita
1160 1720 1230 1778 erat
1253 1734 1328 1778 coa·

157 1820 312 1884 struenda
333 1822 451 1898 oratio,
477 1827 512 1884 at
541 1841 606 1884 noa
636 1821 738 1885 solnm
759 1820 907 1886 rrmlieres
929 1843 984 1886 eas
1010 1822 1067 1886 sed
1088 1823 1120 1885 ιἰι
1139 1823 1324 1884 uniuersam

157 1927 297 1991 ιο0οι000
319 1906 480 1992 eruerent
503 1929 662 1992 00000000,
705 1927 773 1990 urio
796 1933 900 1990 autem
919 1927 1019 2007 10005)
1041 1928 1091 1991 mc
1106 1928 1153 1990 0ιο
1177 1928 1215 1991 00
1238 1926 1325 1989 nuri-

159 2034 250 2115 pideo
273 2036 338 2097 eius
360 2034 441 2097 modi
461 2033 599 2114 exemplo
622 2034 874 2116 (lphhul1002
897 2033 1030 2108 πάντως
1052 2035 1092 2098 δι’
1111 2035 1144 2113 μ’
1167 2031 1325 2097 ἱκετεύον-

154 2163 207 2213 τες
226 2137 314 2223 ἥξετ’
335 2139 379 2214 εἰς
399 2139 480 2219 ἴσον,
503 2140 561 2205 εἴτ’
582 2139 785 2212 οἷιιικέτεοτος
803 2129 855 2226 ἧς)
885 2142 977 2205 aliam
1004 2143 1036 2204 in
1067 2143 1176 2206 eadem
1196 2160 1229 2204 re
1253 2158 1323 2204 sen·
1401 2202 1404 2206 .

159 2247 288 2311 tentiam
312 2247 402 2310 dixit.
450 2233 554 2322 Verba
579 2247 660 2310 enim
689 2249 755 2310 eius
786 2247 829 2311 ibi
855 2247 931 2312 haec
961 2254 1048 2312 sunt:
1080 2248 1223 2312 Achilles
1243 2268 1322 2312 com-

152 2353 280 2433 pellans
297 2352 560 2436 Clytaemestram
582 2353 743 2434 pluralem
765 2376 932 2420 eameram
952 2357 1094 2436 primam
1112 2356 1213 2435 ponit,
1238 2355 1320 2419 allos

154 2459 252 2525 slmal
272 2467 306 2523 ιιι
327 2459 535 2541 supplicandi
556 2462 734 2525 societatem
755 2463 913 2526 uenientes
926 2464 960 2527 lrr
975 2469 1075 2527 memte
1097 2462 1226 2541 habeas,
1249 2480 1321 2524 mon

156 2569 199 2632 ad
221 2567 483 2648 Clytaemestram
515 2570 614 2631 solam
637 2568 782 2632 aduertit.
821 2567 863 2630 Et
892 2569 951 2633 hoc
980 2569 1101 2649 quidem
1131 2567 1204 2630 mihi
1235 2572 1320 2629 recte

155 2673 325 2737 iudicatum
346 2672 479 2736 videtur.
514 2672 573 2737 Sed
596 2672 670 2753 quid
693 2691 749 2753 ego
770 2674 871 2738 alios?
888 2674 926 2736 ad
943 2693 992 2737 me
1010 2675 1110 2754 ipsum
1134 2675 1193 2737 iam
1218 2690 1320 2736 rever-

154 2784 217 2844 tar·
256 2779 336 2843 Nam
367 2778 425 2842 hac
451 2778 575 2858 quidem
606 2778 644 2842 de
674 2797 708 2842 re
737 2779 860 2843 illorum
886 2779 1044 2844 hominum
1070 2779 1318 2843 doctissimorum

155 2885 314 2966 opiniones
327 2884 422 2948 falsas
445 2884 618 2964 afalsaque
638 2885 769 2965 pluralis
791 2886 1053 2966 interpretatione
1076 2884 1233 2966 profectas
1251 2902 1320 2948 esse

154 2991 284 3057 confido.
317 2991 482 3070 Coniugiat
504 2989 578 3053 mihi
601 2977 765 3070 explicatio
787 2991 827 3054 ad
846 2991 932 3054 illam
954 2991 1053 3072 legem
1075 2992 1331 3072 gramaticam·

153 3117 215 3179 qua
241 3098 395 3161 allectiva
421 3098 544 3160 nomina
573 3097 620 3159 vel
649 3097 832 3178 participia,
862 3099 951 3162 siarl
981 3116 1131 3179 personas
1158 3096 1319 3161 masculini

153 3210 185 3269 et
214 3204 352 3268 feminini
382 3205 506 3283 generis
540 3203 630 3267 simul
661 3203 854 3284 referuntur,
884 3205 915 3267 in
947 3203 1116 3267 masculino
1149 3206 1317 3283 ponuntur.

152 3312 198 3374 Ea
214 3312 261 3374 lex
274 3328 377 3373 nonne
392 3310 437 3373 ad
451 3309 526 3373 illud
540 3329 662 3390 quoque
679 3309 882 3390 Sophocleum
905 3309 1077 3390 exemplum
1093 3308 1157 3391 (El.
1170 3314 1245 3387 399)
1261 3327 1318 3389 op-

153 3419 227 3482 time
249 3415 389 3481 adhiberi
417 3418 545 3496 potest?
586 3417 656 3482 Huc
678 3417 770 3481 traho
793 3417 846 3480 illa
869 3416 1092 3498 Bernhardyi⁸)
1114 3416 1226 3479 verba:
1259 3416 1316 3480 So-

220 3638 245 3704 1)
264 3635 298 3690 cf.
315 3634 372 3689 Art.
392 3637 464 3704 synt.
484 3636 499 3702 ξ
518 3635 625 3699 43,1,3.

218 3722 246 3790 2)
265 3721 300 3775 ad
318 3720 381 3791 vig.
400 3739 426 3789 p.
446 3721 505 3776 714.

218 3807 245 3873 3)
265 3823 352 3876 gram
371 3805 466 3861 Graec.
486 3808 502 3874 ξ
520 3806 597 3871 371,2
618 3808 682 3878 (vol.
702 3808 730 3862 II
748 3826 775 3876 p.
794 3807 847 3876 tt).

218 3894 247 3964 4)
265 3893 283 3947 l.
303 3910 325 3947 c.
344 3909 389 3961 pp.
410 3891 521 3948 16-23.

219 3981 246 4049 5)
264 3979 282 4034 l.
301 3995 323 4032 c.
341 3996 367 4046 p.
386 3976 428 4031 53·

219 4065 247 4137 6)
265 4064 298 4119 cf.
317 4065 389 4134 synt.
408 4061 503 4116 Graec.
522 4078 548 4132 p.
567 4061 625 4114 429.
