2964 4814
198 1350 346 1480 plurali
368 1415 542 1480 maiestatis
566 1434 656 1496 quem
679 1419 793 1483 vocant
814 1433 877 1498 quo
893 1415 985 1479 modo
1005 1414 1183 1499 quibusque
1205 1417 1280 1482 locis

116 1523 220 1587 Latini
245 1523 415 1602 scriptores
430 1523 478 1587 usi
501 1523 564 1585 sint
585 1540 772 1604 quamquam
790 1521 870 1586 satis
891 1525 1027 1601 constat,
1049 1523 1130 1603 apud
1143 1522 1279 1588 Graecos

116 1637 219 1693 tamen
242 1635 398 1708 quatenns
426 1629 566 1709 patuerit
593 1647 703 1710 parurn
732 1629 833 1694 adhuc
859 1629 1054 1708 exploratum
1084 1634 1148 1706 est3
1182 1648 1280 1709 neque

117 1736 257 1816 exempla
295 1737 460 1816 quisquam
497 1735 633 1817 collegit.
684 1737 785 1813 Quam
820 1736 851 1799 in
886 1754 951 1799 rem
985 1753 1043 1815 ego
1073 1737 1280 1816 inquisiturus

115 1843 323 1907 Theodoro
355 1842 443 1905 Birt
476 1849 621 1923 auctore,
657 1844 707 1906 cui
741 1861 812 1906 cnm
845 1843 876 1906 in
907 1844 1020 1906 ceteris
1060 1844 1135 1906 meis
1167 1844 1281 1907 studiis

113 1949 292 2013 exercendis
321 1954 387 2012 tum
418 1951 447 2012 in
478 1950 534 2012 hoc
564 1948 667 2013 libello
691 1949 856 2015 scribendo
886 1955 1035 2029 qnantum
1065 1950 1195 2013 debeam
1217 1952 1280 2015 scio

113 2075 214 2138 neque
226 2075 359 2136 unquam
375 2056 548 2134 obliviscar,
563 2061 730 2136 postquam
743 2057 774 2119 in
787 2074 913 2119 manum
926 2057 1078 2136 assumpsi
1093 2056 1279 2137 Aeschylum

113 2172 146 2228 et
161 2161 353 2244 Sophoclem,
376 2162 413 2224 tle
436 2162 487 2225 illo
507 2162 623 2242 plurali
644 2164 819 2226 maiestatis
834 2162 980 2226 normulla
1003 2181 1083 2226 nova
1105 2181 1154 2226 me
1169 2163 1279 2227 docere

109 2288 201 2351 posse
222 2269 354 2349 gaudeo.

197 2374 330 2439 Multum
354 2381 459 2438 autem
490 2376 522 2438 in
552 2394 590 2438 ea
621 2386 657 2438 ro
684 2373 870 2439 excutienda
887 2378 1031 2438 versatus
1062 2393 1130 2439 cum
1151 2393 1170 2438 a
1193 2376 1278 2439 nullo

114 2482 317 2563 grammatico
340 2481 388 2545 vel
408 2483 610 2562 antiquorum
640 2482 688 2546 vel
713 2482 920 2546 recentiorum
942 2487 1117 2560 temporum
1138 2501 1218 2563 quac
1241 2483 1278 2546 de
1351 2481 1356 2487 “

113 2589 283 2669 Aeschyleo
304 2594 336 2652 'et
355 2587 527 2668 Sophocleo
549 2607 608 2652 usu
632 2589 736 2653 doceri
760 2588 893 2669 possint,
921 2605 959 2651 ca
986 2593 1043 2651 aut
1067 2589 1191 2667 prolata
1213 2608 1278 2652 om·

115 2698 166 2759 nia
196 2703 253 2760 aut
281 2696 444 2760 coniuncta
468 2701 499 2758 et
526 2696 681 2775 disposita
705 2695 841 2758 viderem
869 2701 902 2758 et
931 2694 1076 2759 uberiore
1105 2695 1204 2758 totius
1234 2696 1279 2758 rei

115 2803 304 2867 tractatione
326 2803 408 2867 facta
427 2801 612 2882 Aeschylum
634 2806 667 2866 et
682 2801 865 2882 Sophoclem
882 2801 988 2866 multis
1010 2801 1040 2864 in
1055 2801 1149 2865 rebus
1170 2802 1280 2865 melius

113 2927 205 2989 posse
235 2909 374 2988 intellegi
406 2909 593 2988 arbitrarer,
627 2913 739 2988 raptus
771 2926 838 2971 snm
872 2925 945 2972 cura
978 2912 1074 2988 atque
1104 2909 1206 2972 sturlio
1231 2898 1276 2970 ⁴acl

116 3017 296 3080 universum
328 3015 458 3097 pluralis
489 3015 609 3080 numeri
635 3016 757 3096 poetica
785 3016 879 3096 positi
915 3033 1003 3079 usum
1041 3014 1279 3079 observandum.

114 3122 284 3199 Quaeritur
305 3123 386 3186 enirn
407 3141 467 3185 non
490 3123 587 3185 solum
607 3122 659 3201 qui
681 3120 748 3184 fieri
771 3121 919 3201 potuerit,
942 3128 979 3184 ut
999 3119 1096 3201 δόμοι
1109 3140 1165 3201 pro
1180 3119 1280 3202 δόμος

113 3228 304 3293 scriberetur
332 3229 463 3307 similia,
488 3232 715 3308 usurparentur
736 3225 920 3308 πρόσωπα,
950 3231 1053 3306 νῶτα,
1083 3231 1179 3311 ξίφη,
1203 3228 1278 3310 λεχη

112 3336 234 3418 aliaque
264 3337 331 3400 eins
362 3336 444 3400 orodi
473 3337 571 3400 mulla
597 3353 654 3416 pro
683 3335 850 3399 earundem
880 3352 990 3400 vocum
1021 3335 1190 3415 singulari,
1223 3337 1278 3400 sed

113 3444 207 3507 etiam
235 3443 379 3505 θάνατοι
405 3461 462 3523 pro
490 3443 630 3521 θανάτῳ
661 3442 827 3521 singulari,
863 3440 963 3522 γοῖμοο
989 3460 1045 3521 pro
1074 3441 1183 3522 γάμῳ,
1221 3461 1277 3522 pro

112 3557 257 3632 τέχνημα
269 3548 469 3632 τεχνήματα,
492 3555 526 3613 ut
543 3549 637 3612 ctiam
652 3549 785 3629 γλῶσσα
801 3550 836 3611 ἐν
852 3548 1011 3631 φυλακαῖς
1025 3567 1080 3628 pro
1099 3549 1134 3610 ἐν
1150 3549 1279 3632 φυλακῇ

113 3656 214 3720 dicere
227 3656 377 3720 auderent
391 3664 510 3736 poetae.
543 3657 643 3733 Quam
667 3674 733 3719 rem
755 3673 824 3718 cum
846 3655 944 3719 ceteri
964 3672 1081 3733 omnes,
1104 3655 1157 3734 qui
1180 3655 1219 3718 dc
1241 3673 1279 3719 ea

113 3762 362 3842 disputaverunt,
384 3772 433 3826 sat
458 3771 571 3825 temore
594 3761 632 3826 acl
651 3779 766 3825 meram
792 3767 952 3841 poetarum
980 3761 1278 3843 magniloquentiam

113 3869 222 3933 referri
238 3869 400 3946 voluerint,
419 3870 507 3932 nobis
532 3887 592 3932 nna
614 3887 756 3949 quaeque
777 3887 829 3931 res
853 3885 910 3931 sna
933 3873 965 3929 ct
988 3873 1073 3930 certa
1096 3886 1131 3931 ac
1152 3871 1279 3948 propria

114 3977 328 4057 explicationis
361 3976 483 4039 ratione
514 3977 655 4054 indigere
684 3982 718 4038 et
745 3974 806 4038 alia
835 3975 905 4037 aliis
932 3974 1052 4053 legibus
1080 3975 1279 4054 explananda

111 4103 180 4146 osse
208 4083 364 4147 videntur.
418 4082 525 4163 ltaque
554 4082 594 4146 ad
627 4082 688 4145 cluo
715 4081 913 4162 potissimum
942 4080 1134 4144 attendimus
1163 4078 1275 4162 officia,
