2964 4814
738 261 776 322 14

256 438 341 518 Quin
360 436 525 517 Euripides
544 436 680 516 itemque
699 436 871 518 Aeschylus
896 439 944 501 vol
965 456 1028 501 uuo
1050 438 1221 519 codemque
1244 457 1341 502 enun-

174 545 251 610 tiato
273 543 506 626 participiorum
528 547 561 606 et
588 543 778 622 singularem
802 550 834 607 et
860 544 1009 624 pluralem
1037 544 1265 610 exhibuerunt:
1295 546 1341 609 ita

173 651 263 716 Herc.
290 651 350 715 fur.
379 651 438 713 202
462 667 507 730 sq.
532 649 661 729 δρῶντα
691 650 866 732 πολεμίους
900 654 1004 724 κακῶς
1035 650 1149 730 σώζειν
1178 653 1216 715 τὸ
1246 654 1344 734 σῶμα

171 759 216 843 μή
236 762 265 820 ἰι
286 757 384 841 τύχης
405 757 634 839 άριμσμένοος.
683 757 801 823 Eodem
832 758 923 823 modo
954 759 1078 839 scripsit
1101 758 1271 840 Aeschylus
1293 759 1343 824 Se.

174 869 234 929 340
255 882 298 945 sq.
323 865 414 938 κενὸς
430 865 525 927 κενὸν
547 864 642 927 καλεῖ
651 915 657 945 ‚
692 862 854 946 ξύννομον
876 865 987 928 θέλων
1014 867 1112 947 ἔχειν,
1144 861 1221 927 οὔτε
1250 869 1345 945 μεῖον

173 967 240 1035 οὔτ’
264 971 336 1036 ἴσον
357 971 549 1052 λελιμμένοι.
578 970 647 1034 Hoc
663 987 786 1050 qnoque
803 970 879 1049 loco,
899 988 960 1050 quo
978 972 1109 1036 vividior
1125 971 1214 1036 fieret
1231 990 1342 1052 sermo,

173 1079 249 1143 illud
271 1078 467 1159 participium
484 1077 514 1140 in
536 1077 686 1157 singulari
708 1095 849 1158 numero,
871 1078 929 1141 hoc
952 1078 981 1140 in
1003 1078 1116 1158 plurali
1133 1080 1270 1160 positum
1285 1085 1342 1143 est.

172 1188 277 1265 Atque
300 1183 511 1248 multitudinis
535 1190 583 1247 est
606 1183 733 1247 notione
754 1182 890 1261 facturn,
920 1190 954 1247 ut
977 1188 1035 1264 Ag.
1059 1189 1117 1248 325
1147 1182 1244 1260 ἄλλος
1273 1186 1345 1268 πάρ

171 1289 273 1357 ἄλλον
295 1291 334 1355 ad
358 1289 443 1354 verbi
465 1289 618 1371 pluralem
640 1290 815 1371 pertineat:
845 1284 943 1362 άλλος
965 1290 1037 1373 πάρ
1059 1287 1159 1354 ἄλλον
1177 1292 1346 1372 διαδοχαῖς

171 1397 398 1484 πληρούμενοι.
428 1397 546 1461 Eodem
569 1395 764 1460 referendum
782 1404 831 1461 est
848 1398 909 1477 Ag.
935 1402 994 1461 855
1018 1417 1063 1479 sq.
1083 1399 1142 1462 τὸν
1163 1403 1224 1480 μὲν
1245 1396 1344 1476 ἥκειν,

169 1508 228 1570 τὸν
250 1507 279 1569 δ’
301 1507 509 1587 ἐπεισφέρειν
530 1506 631 1566 κακοῦ
656 1503 769 1566 κάκιον
804 1500 886 1567 ἄλλο
907 1508 1004 1588 πῆμα
1022 1504 1204 1580 λάσκοντας
1225 1504 1346 1587 δόμοις.

253 1639 301 1703 Ac
323 1637 363 1701 de
386 1637 443 1700 irae
466 1635 580 1699 leviore
612 1653 645 1698 re
668 1635 746 1698 satis
769 1640 874 1700 actum
898 1642 965 1716 est;
987 1637 1130 1716 sequitur
1157 1644 1192 1702 ut
1213 1638 1252 1701 ad
1273 1655 1345 1718 gra-

171 1746 285 1808 viorem
308 1744 517 1823 accingamus,

714 2067 792 2153 §2

249 2229 351 2309 Magis
383 2228 463 2292 enirn
492 2228 524 2291 in
563 2245 598 2290 eo
632 2225 833 2304 offendimus,
873 2227 957 2306 quod
989 2226 1157 2306 singularis
1184 2225 1271 2290 verbi
1299 2225 1340 2289 ad

169 2337 299 2403 nominis
333 2335 494 2400 masculini
532 2335 577 2397 vel
622 2333 764 2397 feminini
805 2334 928 2412 generis
967 2333 1119 2414 pluralem
1158 2332 1341 2413 adiungitur

166 2443 326 2524 Sophoclis
351 2442 423 2505 Tra.
443 2440 521 2504 520:

402 2570 470 2633 τότ’
492 2559 533 2655 ἦν
553 2571 654 2654 χερὸς,
676 2559 716 2654 ἦν
742 2569 779 2631 δὲ
800 2567 905 2644 τόξων
924 2568 1080 2649 πάταγος,

401 2683 561 2759 τανρείοιν
583 2681 611 2739 τ’
633 2675 801 2758 ανάμιγδα
822 2675 975 2759 κεράτων·

401 2774 448 2866 ἦν
469 2784 498 2846 δ’
521 2783 812 2869 άμφίπλεκτοι
833 2783 1039 2865 κλίμακες,
1128 2850 1132 2859 ¹

398 2881 441 2977 ἦν
464 2892 502 2954 δὲ
523 2890 686 2973 μετώπων
707 2889 845 2954 ὁλόεντα

401 2996 580 3084 πλήγματα
601 2998 655 3061 καὶ
679 2995 794 3070 στόνος
815 2997 952 3080 α’μφοῖν.

165 3146 259 3210 Cuius
294 3146 424 3228 exempli
458 3147 519 3210 tria
550 3132 673 3211 tantum
704 3146 817 3210 similia
851 3145 1053 3208 inveniuntur
1084 3143 1167 3225 apud
1201 3142 1337 3221 tragicos

125 3330 128 3341 τ
167 3259 278 3334 poetas
300 3272 397 3334 eaque
414 3254 495 3335 apud
515 3253 698 3335 Euripidem
720 3253 838 3318 solnm:

326 3384 382 3448 Ba.
408 3389 486 3448 1348
508 3384 669 3463 δέδοκται,
693 3387 832 3464 πρέσβυ,
855 3380 1016 3467 τλήμονες
1041 3383 1149 3464 φυγαί.

326 3491 376 3555 J0.
409 3495 487 3555 1148
510 3491 590 3554 ἐνῐν
601 3491 630 3553 δ’
646 3489 792 3575 άφανταὶ
804 3488 999 3572 γράμμασιν
1009 3488 1125 3551 τοιαίδ’
1137 3485 1231 3569 ὑφαί.

326 3585 617 3680 αλοεμΙΜῆλθεν
641 3596 679 3658 δὲ
700 3595 772 3659 λαοὶ
795 3593 903 3677 μύριοι
924 3595 1007 3677 πράς
1027 3592 1121 3678 ᾐόνα.

159 3747 279 3813 Contra
300 3747 389 3812 huius
411 3746 469 3810 loci
496 3763 559 3808 non
583 3749 632 3808 est
655 3743 707 3826 (Il.
727 3743 853 3833 ψ.’380)
877 3746 974 3826 πνοιῇ
995 3743 1024 3805 δ’
1048 3739 1211 3824 Εὐμάλοιο
1232 3737 1332 3821 μετά-

161 3879 280 3942 φρενον
302 3853 392 3937 εὐρέε
401 3852 429 3914 τ’
450 3847 526 3933 ὤμοι
541 3855 695 3932 θέρμετο,
718 3869 787 3914 cum
801 3849 995 3932 θέρμετοοά
1014 3849 1224 3932 μετάφρενον
1240 3864 1333 3926 prac-

158 3967 249 4046 cipue
266 3966 385 4044 spectet
398 3964 430 4024 et
451 3976 520 4022 curn
541 3957 623 4021 duali
648 3957 840 4021 substantivi
857 3973 985 4020 numero
1003 3972 1225 4036 nonnunquam
1248 3951 1334 4017 verbi

119 4073 121 4079 ’
161 4072 305 4153 coniungi
333 4064 520 4145 singularem
551 4081 587 4126 ex
617 4061 669 4125 illo
699 4067 851 4144 appareat
880 4061 1043 4128 Homerico
1074 4065 1110 4127 ἐν
1139 4062 1177 4124 δὲ
1201 4058 1232 4122 ολ
1253 4053 1336 4123 ὄσσε
