2964 4814
745 280 785 340 ’14

175 457 233 522 der
262 456 342 520 Titet
373 455 526 537 Menippo
552 453 740 537 Ἐπικούρου
773 459 868 536 γοναί
903 455 946 518 isi
973 456 1032 519 mic
1060 454 1123 520 dett
1151 452 1338 518 (lemodica-

178 564 267 628 titcla
297 564 383 627 eines
411 561 620 642 Hermippos,
655 561 839 642 Nicopton,
875 561 1040 644 Polyzelos
1069 561 1206 642 Ἀθηνᾶς
1240 565 1343 641 γοναί,

170 669 354 752 Αφροδίτης
382 672 489 748 γοναί,
517 667 695 747 Διονύσου,
725 671 874 731 Μουσῶν
903 672 997 749 γοναί
1024 669 1092 732 aad
1123 669 1265 733 anderen
1284 689 1343 731 να·

180 775 472 850 samurensretteat.
499 810 532 820 -
559 773 626 839 Hoc
637 775 704 838 loco
721 774 824 838 dicere
839 793 899 838 non
914 775 1179 855 praetermiserim
1202 775 1248 838 El.
1265 778 1344 839 1234

179 882 217 947 ι’(δ
242 883 345 965 γοναὶ,
366 882 457 962 γοναὶ
481 881 645 962 σωμάτιον
666 881 738 962 ἐμοὶ
761 881 928 963 φιλτάτων
953 900 1020 946 inea
1047 883 1169 961 quidem
1199 883 1342 962 opinione

178 991 292 1072 plurali
311 993 405 1069 γοναί
424 1007 484 1053 uon
502 989 602 1053 solum
618 987 759 1052 Orestem
771 987 796 1069 2)
819 988 873 1053 sed
889 989 982 1052 etiam
998 989 1146 1069 Pyladem
1164 991 1344 1074 significari,

178 1116 249 1162 cum
277 1098 349 1161 Ant.
371 1094 470 1161 950ch
492 1095 609 1178 (Ζηνδς
636 1093 832 1176 ταμιεύεσκε
858 1094 954 1176 γονοὶς
979 1094 1227 1178 χροσορρύτονς)
1253 1101 1345 1179 γοναὶ

178 1205 218 1269 ad
241 1222 334 1268 unam
357 1221 520 1283 personam
543 1207 662 1282 spectet
684 1203 766 1266 sicut
788 1209 964 1283 σπέρματα
996 1203 1060 1268 Oli.
1086 1206 1164 1268 1246
1195 1206 1345 1291 (μνήμην

178 1311 327 1374 παλαιῶν
349 1310 549 1392 σπερμάτων
570 1311 706 1390 ἔχουσα)
728 1309 768 1372 ad
790 1328 888 1374 unum
912 1309 1106 1391 Oedipum8).

259 1443 415 1525 Ὀνείδη
447 1449 496 1505 est
535 1442 695 1523 turpitudo
734 1442 874 1522 pluribus
913 1441 1008 1506 rebus
1045 1442 1093 1507 vol
1132 1443 1223 1508 factis
1262 1450 1342 1509 orta.

177 1550 325 1630 Legimus
349 1556 452 1613 autem
477 1549 522 1611 ita
543 1566 611 1612 eum
632 1548 801 1629 pluralem:
826 1548 890 1613 OR.
912 1551 991 1613 1494
1013 1553 1062 1622 τίς
1078 1537 1172 1624 οὗτος
1193 1552 1287 1615 ἔσται
1304 1587 1344 1598 -

178 1656 300 1720 τοιαῦτ’
322 1655 434 1737 ὀνείδη
453 1653 642 1736 λαμβάνων,
662 1653 685 1716 ἃ
706 1658 773 1727 τοῖς
793 1656 883 1736 ἐμοῖς
904 1657 1053 1736 γονεῦσιν
1076 1658 1169 1720 ἔσται
1190 1661 1285 1741 optio
1307 1660 1344 1722 δ’

177 1763 260 1845 ὁμοῦ
287 1761 474 1845 δηλώματα.
516 1762 613 1826 Vorto
648 1763 745 1825 enim:
776 1780 859 1825 »wer
878 1762 955 1825 wird
987 1762 1089 1827 solche
1117 1764 1260 1829 Schande
1289 1765 1344 1829 aul

176 1870 242 1935 sich
265 1871 412 1950 nehmen‚
435 1869 484 1933 die
506 1869 557 1933 fiir
577 1871 675 1933 meino
698 1868 760 1933 und
782 1868 924 1949 nugleich
947 1869 1013 1933 ihre
1036 1870 1145 1934 Eltern
1168 1872 1217 1935 ein
1238 1871 1343 1936 Kenn-

176 1978 299 2042 zeichen
322 1977 388 2040 sein
416 1977 520 2040 tird«.
562 1976 640 2040 Nam
664 1976 889 2056 turpitudinem
910 1977 1062 2057 concipiet
1089 1978 1185 2058 siquis
1205 1979 1341 2059 puellam

178 2083 236 2149 hac
257 2090 350 2164 gente
372 2083 557 2163 ignominiae
581 2086 645 2145 tam
667 2084 759 2163 plena
782 2088 883 2146 ortam
906 2083 937 2147 in
959 2084 1191 2148 matrimonium
1208 2085 1341 2150 duxerit.

175 2192 286 2272 ltaque
327 2191 405 2254 falso
446 2190 520 2253 mihi
551 2189 762 2269 Ellendtius4)
797 2189 938 2254 iudicare
973 2189 1097 2254 videtur
1135 2209 1203 2255 cum
1241 2191 1342 2257 dicat:

175 2297 350 2380 aliquando
373 2303 517 2362 concreta
540 2318 635 2379 ηαονι
665 2297 776 2361 dicarat
801 2297 1036 2378 sipnificatione
1055 2298 1197 2363 dominis
1222 2301 1341 2380 probro

177 2407 312 2486 cooperti
334 2406 463 2470 dicitur.
488 2440 527 2449 -
548 2404 709 2486 ⁴tlritr'porie
730 2411 806 2468 suat
830 2410 859 2468 ct
880 2404 1012 2469 Ismenia
1034 2405 1149 2486 Oedipi
1163 2407 1254 2486 litiae
1275 2409 1342 2471 cir-

173 2513 282 2592 piaes,
319 2532 456 2593 ηνοινιιι
491 2532 579 2575 nenio
618 2512 858 2575 rnotriraoriirrm
899 2531 1013 2592 capere
1051 2533 1148 2592 posse
1183 2514 1341 2578 videatur.

176 2618 278 2697 Quam
302 2619 476 2699 opinionem
497 2617 683 2682 reiciendam
708 2637 774 2682 esse
802 2637 819 2681 e
845 2618 976 2682 relativo
1007 2621 1170 2683 enuntiato
1198 2628 1342 2702 apparot,

177 2727 241 2788 sive
263 2723 435 2811 δηλήματα
455 2724 587 2804 legimus
609 2724 690 2804 quod
714 2724 833 2789 codices
856 2734 888 2789 et
909 2743 1015 2789 omnes
1035 2727 1170 2791 editores
1191 2728 1345 2808 praebent

174 2833 239 2896 sine
262 2831 448 2915 <latapetra
479 2833 561 2912 quod
584 2850 640 2911 ego
662 2831 952 2897 commendaverim.
994 2833 1026 2897 Is
1046 2834 1176 2913 pluralis
1197 2836 1341 2916 pluribus

178 2938 325 3020 explicari
347 2957 409 3002 nou
429 2938 539 3020 debet;
561 2945 658 3018 atquo
677 2937 848 3021 δηλήματα
871 2957 982 3002 noxam
1003 2939 1168 3020 siguificat.
1201 2941 1262 3007 Sed
1285 2961 1342 3008 seu

175 3046 284 3129 ὀνείδη
300 3047 361 3109 vim
381 3044 583 3126 turpitudinis
602 3045 715 3109 habere
732 3045 807 3109 dicis
825 3063 880 3109 seu
901 3045 1015 3110 habere
1032 3047 1116 3110 illam
1135 3049 1340 3131 corporalem,

174 3170 246 3216 num
267 3151 395 3235 ὀνείδη,
425 3150 448 3214 δι’
471 3155 538 3225 τοϊς
564 3153 657 3233 ἐμοῖς
677 3155 826 3233 γονεῦσιν
853 3154 947 3217 ἔσται
974 3155 1118 3218 convenit
1147 3174 1217 3220 cum
1246 3155 1341 3242 δηλή-

175 3260 288 3343 paca?
310 3258 488 3342 δηλώματα
507 3266 610 3323 autem
632 3277 708 3323 sane
730 3260 809 3324 bene
831 3261 985 3324 convenit.

242 3503 267 3570 l)
287 3502 320 3556 ci.
341 3502 386 3557 Sil.
405 3502 468 3557 Ital.
488 3502 499 3555 1
519 3503 568 3556 110
587 3503 699 3558 horreat
718 3506 795 3559 ortus
810 3535 844 3544 -
858 3506 928 3560 tuos.

238 3606 265 3673 2)
284 3604 313 3659 id
333 3607 407 3674 quod
424 3606 587 3660 Kuehuerus
607 3606 635 3676 11.
657 3625 679 3662 ο.
699 3607 728 3661 ΙΙ
747 3626 772 3676 p.
793 3607 837 3673 17)
858 3611 947 3677 putat.

240 3709 268 3777 3)
288 3726 314 3764 v.
332 3708 414 3778 glos:
432 3715 550 3762 τουτέστι
568 3711 613 3762 τοῦ
633 3710 780 3771 Οἰδίποδος.

239 3811 266 3878 41
286 3828 312 3865 v.
332 3809 438 3867 lexicon
457 3811 538 3882 Soph.
558 3830 578 3866 s.
599 3813 699 3874 ὄνειδος.
