2964 4814
690 221 729 282 55

121 397 171 480 (fr.
195 398 308 479 781‚h)
330 395 484 478 pluralem
506 397 688 478 usurpavit:
711 395 756 460 ll.
780 401 820 461 50
842 397 968 479 δίφρων
989 396 1166 477 κυλισθείς,
1191 399 1289 465 cloch

122 508 181 569 742
207 504 276 568 750.

192 625 305 708 ’Όχοι
317 628 342 708 ¹)
367 626 406 690 ab
429 626 538 690 eodem
557 631 650 707 poeta
664 644 702 690 ex
718 626 863 706 analogia
877 625 994 690 scilicet
1009 626 1140 708 pluralis
1156 625 1289 712 ἅρματα
1323 594 1325 598 ¹

119 736 168 801 vel
189 736 299 819 δίφροι
321 734 367 799 vel
392 733 548 798 Homerici
570 728 654 812 όχεα
675 734 714 797 de
736 733 887 813 singulari
916 752 1010 797 curru
1035 733 1152 798 dictum
1179 742 1229 800 est
1249 736 1287 802 f.

121 847 209 923 doni:
232 838 317 922 ὄχοις
336 843 587 904 Ἀκεσσαίνοισιν
606 838 762 922 ἐμβεβώς.
807 840 925 904 Contra
948 839 1117 922 Aeschylus
1134 842 1287 922 singulari

120 949 186 1016 solo
209 951 316 1014 utitur.

203 1073 304 1137 Huius
317 1072 374 1137 loci
387 1077 436 1136 est
448 1072 541 1135 otiam
559 1067 679 1152 ὅρμοι
691 1071 841 1150 (monile),
852 1090 942 1154 quern
957 1070 1110 1152 pluralem
1125 1073 1285 1137 variarum

120 1180 242 1244 monilis
258 1179 394 1259 partium
414 1196 509 1242 causa
528 1176 672 1240 adhiberi
693 1177 891 1242 manifestum
911 1183 960 1242 ost
980 1177 1056 1244 Cho.
1072 1180 1150 1243 eto:
1171 1198 1288 1261 χρυσο-

117 1285 290 1370 κμήτοισιν
315 1282 424 1369 ὅρμοις
442 1283 632 1368 πιθήσασα.

606 1614 800 1624 ——-·—.-—

204 1897 307 1976 Quid?
329 1897 436 1961 eodem
450 1916 552 1961 nonne
571 1897 679 1977 τόξα,
701 1898 809 1980 βέλη,
831 1877 1019 1979 οἷχκόλαι,
1042 1901 1140 1982 ξίφη
1159 1899 1285 1965 trahen-

120 2007 160 2071 da
188 2007 286 2070 sunt?
325 2004 477 2086 Equidem
505 2011 590 2086 puto
631 2004 742 2080 Τόξα
764 2006 845 2069 enim
876 2005 960 2085 apud
993 2005 1162 2070 Homerum
1193 2025 1287 2088 saepe

121 2131 230 2178 arcum
240 2111 331 2175 simul
341 2119 372 2175 et
381 2111 516 2191 sagittas
527 2111 701 2192 significat3
721 2118 755 2175 ut
766 2112 801 2176 ll.
812 2113 901 2192 allo
918 2112 955 2174 ου’
965 2111 1089 2185 τόξοισι
1104 2122 1286 2193 μαχέσκετο

119 2222 214 2301 novur
238 2241 274 2281 τε
302 2220 430 2300 μακρῷ,
458 2218 498 2281 n.
521 2220 613 2294 alon
635 2222 725 2298 apoc
746 2222 837 2297 apta
865 2217 971 2294 τόξου
1000 2208 1040 2281 τό
1064 2218 1157 2294 τινας
1184 2222 1284 2299 ιμοι.

118 2327 166 2391 Ex
193 2345 231 2390 oa
261 2331 366 2390 antem
395 2325 439 2404 vi,
467 2343 559 2406 quam
584 2325 665 2404 apud
689 2325 871 2405 Aeschylum
894 2344 1023 2409 quoque
1051 2331 1084 2390 et
1101 2327 1284 2409 Sophoclem

120 2427 213 2516 saepe
233 2432 420 2514 reppereris,
443 2431 481 2495 ad
495 2431 627 2496 alteram
649 2431 732 2496 illam
751 2438 783 2495 ot
800 2432 1011 2512 angustiorem
1027 2431 1285 2512 significationem

119 2545 352 2625 quaeestarcns
361 2537 512 2618 pluralem
522 2545 753 2618 transgressum
763 2557 832 2603 esse
842 2539 986 2604 arbitror.
1000 2541 1284 2622 ApudAeschylum

118 2648 243 2731 quidem
272 2647 386 2724 legitur·
414 2644 497 2721 τόξα
527 2645 587 2708 Pro
616 2646 677 2709 898
698 2644 822 2720 τόξοισι
846 2645 983 2719 κλεινός,
1014 2648 1067 2711 Pe.
1098 2650 1154 2712 20'1
1188 2647 1286 2711 οὐδὲν

115 2755 176 2837 γαρ
197 2750 286 2837 ἤρκει
306 2751 402 2832 τόξα,
432 2755 489 2831 Ag.
514 2754 572 2816 515
595 2750 703 2827 τόξοις
726 2751 855 2815 ἰάπτων
875 2754 986 2835 μηκέτ’
1016 2752 1060 2828 εἰς
1089 2755 1174 2839 ἡμᾶς
1198 2755 1286 2838 βέλη,

119 2861 192 2926 Cho.
223 2862 284 2925 690
314 2857 422 2935 τόξοις
459 2858 641 2941 πρόσωθεν
679 2858 855 2932 εὐσκόποις
890 2869 1097 2941 χειρουμένη,
1137 2862 1194 2924 Eu.
1227 2862 1282 2925 631

117 2971 263 3049 θουρίοις
290 2966 397 3042 τόξοις
421 2968 454 3047 (i.
478 2987 504 3030 e.
527 2967 658 3046 sagitta)
688 2965 901 3049 ἑκηβόλοισιν;
931 2974 1068 3031 ceterum
1098 2967 1285 3047 singularem

119 3093 246 3159 quoque
268 3092 360 3154 saepe
382 3075 496 3157 posuit.
543 3073 603 3161 Qui
626 3092 772 3137 numerus
795 3074 879 3153 apud
902 3073 1084 3154 Sophoclem
1106 3093 1179 3138 raro
1201 3074 1285 3138 inve·

118 3183 204 3246 nitur
234 3187 267 3245 ot
295 3181 436 3263 quidem,
467 3180 518 3244 ubi
549 3198 639 3244 arcus
670 3179 754 3243 solus
783 3180 895 3243 dicitur
925 3181 1019 3260 (Phil.
1046 3183 1107 3244 188
1135 3183 1222 3259 lid&
1246 3181 1284 3246 fr.

119 3289 201 3366 873).
244 3287 360 3351 Contra
382 3286 465 3362 τόξα
486 3305 581 3367 saepe
604 3287 641 3349 de
668 3305 744 3350 arcu
766 3287 859 3351 simul
882 3292 914 3351 et
936 3287 1061 3367 sagittis
1090 3288 1162 3351 Tra.
1187 3289 1285 3352 atach

119 3394 301 3458 παλίντονα
327 3393 410 3469 τόξα
446 3392 613 3457 τινάσσων
637 3392 749 3471 atich,
786 3394 965 3473 saepissime
993 3394 1025 3456 in
1053 3393 1132 3457 Phil.
1162 3393 1285 3459 fabula:

116 3522 143 3565 v.
168 3505 207 3565 co
231 3506 268 3564 ιο
294 3503 352 3566 113
375 3507 435 3565 σοι
460 3506 517 3564 τοι
542 3506 603 3566 alo
626 3502 686 3565 ool
711 3503 769 3564 orn
793 3503 852 3564 ooo
876 3505 934 3564 om
957 3503 1014 3565 aar
1039 3502 1127 3564 1232.
1173 3503 1284 3564 Arcum
1407 3489 1409 3494 ’

118 3608 218 3673 solum
247 3607 402 3688 significat
431 3610 511 3685 τόξα
537 3608 614 3672 Phil.
644 3610 718 3686 710,
747 3609 881 3687 sagittas
915 3607 970 3674 Ph.
1001 3612 1074 3687 652,
1104 3627 1197 3690 qnam
1225 3609 1287 3672 vim

116 3716 200 3796 opud
224 3715 394 3780 Homerum
417 3715 494 3780 haec
514 3735 572 3779 vox
595 3714 731 3779 nondum
756 3713 860 3796 habet,
883 3714 979 3778 habet
994 3714 1078 3795 apud
1094 3714 1286 3795 Euripidem.

188 3948 214 4014 1)
234 3947 315 4016 Apud
331 3946 481 4002 Homerum
500 3947 562 4015 όχια
581 3947 719 4018 significat
743 3965 829 4002 unum
856 3963 980 4014 currum,
1004 3947 1033 3998 τό
1053 3946 1110 4011 ὄχος
1127 3948 1220 3999 aulem
1237 3945 1286 4000 ille

121 4035 205 4101 poeta
223 4049 362 4100 nusquam
381 4032 498 4103 scripsit.
