2964 4814
767 242 909 316 78'

203 418 230 495 οῗ
252 431 368 510 παῖδε,
390 430 526 495 κλάετον
546 431 652 495 τοῖνδε
673 435 791 510 ξένων,
825 433 904 497 1102
934 421 1111 513 άτέκνου,
1143 420 1166 516 ἦ
1193 429 1373 514 πάρεστου,

155 565 157 568 ·
204 539 282 603 1107
306 540 374 600 ποῦ
395 536 502 617 ἐστόν,
529 540 605 605 1111
632 540 727 620 σφιδν
747 538 979 617 παρεστώσαιν
1000 541 1091 621 ἐμοί,
1123 540 1201 604 1113
1219 536 1372 602 duanae-

202 664 305 709 σατον
330 647 390 706 τοῦ
420 681 452 688 -
487 644 625 709 πλάνου.
668 644 732 709 OR.
764 646 842 710 1453
872 644 910 709 ὃν
935 644 1041 732 μήτηρ
1070 653 1108 708 τέ
1128 669 1184 726 μοι
1211 643 1322 730 πατήρ
1343 646 1372 707 τ’

204 752 357 836 ε’θέσθην
381 787 417 798 -
442 749 566 833 τάᾳον,
598 750 638 814 ἵν’
662 752 698 826 ἐξ
718 753 867 831 ἐκείνων,
897 750 935 816 οῖ’
957 753 991 834 μ’
1019 752 1233 835 α’πωλλάτην,
1262 750 1369 815 θάνω.

199 858 246 936 El.
269 857 398 940 ollsqq.
428 858 483 921 Ph.
506 860 577 922 539.
605 857 644 921 fr.
665 859 725 922 767
748 856 928 941 ἐρρηξάτην
953 859 985 932 ἐς
1001 858 1102 923 κύκλα
1126 893 1165 905 -
1186 856 1307 923 ὅπλων.
1330 894 1370 905 -

282 965 338 1029 Eu.
368 969 476 1045 254sq.
508 961 569 1045 δρα
590 961 652 1047 ὅρα
680 963 758 1045 μάλ’
787 955 845 1043 αὖ,
875 963 1054 1029 λεάσσετον
1085 965 1215 1045 πάντα,
1246 983 1308 1045 quo
1336 966 1369 1028 in

202 1071 342 1152 exemplo
377 1070 464 1134 mulli
503 1071 594 1134 valde
630 1068 835 1134 offenderunt.
888 1072 1086 1137 Hermannus
1125 1077 1205 1136 enlm
1242 1071 1369 1152 scripsit
1435 1060 1438 1066 ’

199 1177 321 1241 λεῦσσε
332 1200 369 1239 τε
384 1176 514 1254 πάντας
532 1177 584 1241 alii
600 1182 635 1241 ut
644 1177 823 1241 Diridorfius
836 1196 907 1240 cum
923 1180 1022 1242 secuti
1039 1185 1114 1242 sunt
1129 1183 1160 1243 et
1175 1178 1366 1261 aliquamdiu

205 1282 417 1348 Weckleinius
446 1282 500 1366 (cf.
525 1284 622 1348 »iiber
652 1282 791 1348 Technik
822 1284 885 1347 und
910 1285 1044 1365 Vortrag
1072 1283 1128 1347 der
1154 1283 1367 1366 griechischen

198 1390 440 1470 Chorgeslinge«
462 1409 490 1471 p.
503 1390 590 1468 217),
612 1389 665 1454 sed
695 1409 757 1454 non
779 1392 839 1454 iam
862 1392 892 1454 irr
922 1390 1060 1455 editione
1090 1390 1262 1474 Aeschyleo
1290 1391 1366 1454 anni

198 1499 287 1561 1885.
339 1497 415 1561 Mihi
446 1497 567 1578 quidem
604 1503 688 1561 recte
728 1517 809 1562 nunc
847 1497 952 1561 editor
991 1499 1104 1562 codicis
1136 1497 1169 1561 M
1200 1497 1364 1562 lectionem

195 1605 347 1684 recepisse
379 1604 522 1682 uidetur,
563 1622 634 1667 nam
665 1605 721 1668 hoe
750 1604 817 1669 loco
850 1623 911 1668 unu
942 1605 1084 1669 eFuriis
1123 1610 1246 1670 celeras
1284 1604 1364 1667 duas

200 1712 363 1791 compellat
398 1709 458 1792 (ef.
492 1709 688 1774 Freericlrsii·
721 1711 740 1774 l.
774 1729 800 1775 c.
834 1730 883 1792 pp.
915 1711 966 1775 47.
999 1715 1037 1773 62
1054 1711 1131 1794 sq).
1190 1711 1252 1776 Sed
1284 1709 1363 1774 haee

193 1819 353 1882 hactenus

276 1926 340 1988 lam
367 1941 441 1987 vero
472 1923 557 2004 apud
587 1922 774 2003 Aeschylum
806 1941 929 2004 quoquo
961 1929 994 1988 et
1024 1923 1224 2005 Sophoclem,
1262 1923 1290 1986 si
1321 1922 1360 1986 de

191 2031 349 2096 hominum
380 2031 450 2112 pari
480 2030 602 2110 agitur,
626 2036 665 2093 el
694 2029 826 2111 pluralis
855 2029 886 2093 irr
915 2030 1018 2110 prima
1047 2047 1180 2110 persona
1208 2029 1296 2094 verbi
1326 2035 1360 2094 et

194 2139 292 2202 dualis
315 2137 471 2219 participii
494 2137 581 2200 iuxta
602 2135 768 2216 leguntur:
799 2135 875 2198 Phil.
898 2137 960 2200 533
982 2135 1092 2216 ἴωμεν,
1114 2125 1141 2198 οῖ
1163 2139 1236 2215 παῖ,
1257 2155 1358 2218 προσ-

187 2244 338 2308 κάσαντε.
374 2242 438 2307 0R.
456 2245 535 2308 1505
557 2240 727 2324 ὀλώλαμεν
748 2240 800 2305 δύ’
822 2238 906 2306 ὅντε.
938 2243 1011 2306 ant.
1030 2248 1092 2308 989
1113 2239 1234 2329 ἥκομεν
1248 2243 1359 2324 κοινήν

188 2351 267 2414 άδδν
288 2349 339 2414 δύ’
363 2351 399 2425 ἐξ
422 2349 493 2423 ἑνδς
515 2350 676 2432 βλέποντε
705 2357 736 2413 et
758 2350 842 2413 alibi.
867 2383 905 2394 -
929 2349 972 2412 Et
994 2349 1125 2430 legimus
1148 2350 1197 2415 Se.
1220 2355 1354 2431 7908qq:

184 2567 244 2628 νῦν
265 2560 420 2642 ἄκουσον,
442 2561 584 2628 Οἰδίπου
605 2562 690 2626 τόκω
702 2598 740 2608 -
753 2562 790 2626 οἴ
797 2563 850 2643 ’γά
864 2561 1006 2625 τάλαινα
1018 2599 1053 2607 -
1066 2562 1135 2626 οὐδ’
1149 2563 1356 2646 ἀμφιλέκτως

186 2671 253 2758 μην
279 2669 561 2754 κατεσποδημένοι
596 2704 635 2715 -
668 2670 775 2732 ἐκεῖθι
801 2673 957 2749 κεῖσθον,
989 2703 1025 2715 -
1056 2666 1158 2744 οὕτως
1192 2669 1355 2752 άδελφαῖς

185 2778 297 2861 χερσῖν
332 2777 494 2861 quaequae
529 2772 627 2855 ά)αν;
662 2812 687 2822 -
732 2778 838 2860 Atque
868 2795 885 2839 e
914 2776 1018 2840 uerbis
1046 2773 1164 2859 ἅνδρες
1191 2779 1354 2841 τεθνᾶσιν

184 2891 308 2966 poetam
332 2885 426 2948 etiam
449 2884 475 2947 si
499 2884 537 2947 de
566 2883 687 2948 duabus
717 2889 803 2947 arole
830 2884 914 2946 inter
944 2900 976 2946 se
1006 2884 1179 2947 coniunctis
1208 2885 1350 2964 personis

185 2992 341 3072 agebatur
365 2989 508 3071 neglecto
530 2990 614 3055 duali
639 2996 671 3054 ct
695 3008 804 3053 nomen
828 2998 860 3053 et
877 2989 1005 3054 verbum
1027 2991 1056 3052 iu
1079 2990 1192 3070 plurali
1209 2991 1350 3069 posuisse

184 3103 324 3180 apparet.
368 3097 430 3162 Sed
455 3096 571 3161 laetum
596 3115 665 3160 esse
693 3101 816 3176 potest,
846 3101 881 3159 ut
903 3095 962 3160 hoc
989 3095 1056 3160 loco
1086 3095 1187 3160 dualis
1217 3096 1348 3159 consilio

182 3224 249 3269 eam
274 3204 314 3269 ob
338 3222 464 3269 causam
486 3204 525 3268 ab
549 3202 599 3268 illo
622 3204 759 3267 euitatus
788 3202 843 3283 sit,
875 3201 959 3282 quod
990 3202 1118 3266 nuntius
1147 3220 1208 3265 non
1238 3202 1347 3266 statim

180 3313 262 3377 clare
284 3310 366 3390 quod
388 3309 504 3375 factum
528 3317 609 3373 esset
627 3309 730 3373 dicero
748 3308 896 3374 audebat.
920 3344 957 3353 —
981 3307 1225 3388 Esequerrtihus
1243 3319 1347 3372 autom

178 3418 279 3483 verbis
302 3417 405 3497 colligi
432 3422 538 3498 potest
560 3416 700 3482 vocabuli
725 3416 846 3479 dualem
879 3414 988 3497 (ιδκω)
1012 3433 1079 3478 eum
1107 3415 1219 3495 pluruli
1249 3416 1347 3494 parti-

179 3524 250 3606 cipii
279 3522 596 3606 (κατεσποδημένοι)
625 3529 656 3585 et
692 3521 813 3585 dualem
845 3521 1021 3603 (κεῖσθον)
1050 3520 1138 3584 verbi
1167 3519 1246 3584 finiti
1276 3539 1346 3585 cum

178 3630 291 3711 plurali
313 3631 512 3714 (η’ναίροντο)
535 3630 601 3693 sine
623 3629 685 3692 ullo
709 3628 886 3692 discrimine
905 3629 1058 3708 coniungi.
1093 3628 1193 3692 Porro
1214 3627 1345 3708 pluralis

177 3736 262 3800 verbi
287 3738 325 3800 ad
350 3756 407 3819 par
429 3753 631 3818 personarum
655 3739 777 3815 spectat
798 3734 846 3798 his
864 3734 956 3798 locis:
981 3734 1046 3799 OR.
1070 3735 1147 3798 1492
1169 3733 1240 3798 αλλ’
1256 3733 1343 3816 ,ἡνίκ’

175 3840 218 3906 άν
239 3844 281 3929 δη“
298 3844 379 3926 πρδς
400 3842 514 3925 γάμων
536 3839 626 3928 ἥκητ’
647 3840 766 3922 α’κμάς,
788 3845 837 3914 τίς
858 3876 899 3884 -
923 3840 986 3905 OC.
1004 3843 1129 3921 looosq.
1149 3838 1185 3902 αἱ
1201 3840 1239 3902 δὲ
1260 3863 1344 3922 παρ-

173 3955 267 4014 θένοι
297 3952 448 4035 ῥίγησαν,
477 3948 518 4024 ιδς
545 3945 754 4032 ἤκουσαν-
777 3946 903 4009 ἔκλαιον
933 3946 1001 4009 οὐδ’
1030 3946 1170 4012 α’νίεσαν
1199 3953 1343 4029 στέρνων

174 4055 346 4138 α’ραγμούς.
387 4058 495 4139 Atque
517 4056 572 4135 Ag.
596 4055 703 4135 655sq
725 4054 777 4118 ubi
802 4058 851 4118 est
872 4050 1068 4133 ξυνώμοσαν
1095 4053 1156 4137 γάρ
1177 4048 1268 4128 ὅντες
1290 4055 1342 4134 ἔχ-
